2925 4278
603 191 825 246 LIBER
862 191 1190 246 XXXVIII.
1228 191 1394 245 cAP.
1420 194 1504 246 22.
1531 194 1615 247 23.
1656 193 1723 259 [a.
1749 191 1814 246 U.
1840 208 1886 244 ο.
1913 192 2056 260 5651.
2399 173 2519 236 145

131 365 483 432 deturbatis
516 365 778 432 secundi
823 372 886 431 et
930 373 1151 451 tegant
1194 367 1410 450 pulsos
1456 372 1519 430 et
1562 366 1794 447 integri
1839 386 2119 449 pugnam
2167 365 2510 449 excipiant.

130 453 371 534 consul,
419 460 753 536 postquam
798 453 882 518 ad
927 454 1200 518 tumulos
1246 456 1327 518 ab
1375 453 1501 518 levi
1546 459 1868 517 armatura
1929 458 2148 536 captos
2193 453 2398 536 prima
2442 453 2519 516 si·
2556 474 2589 520 4

127 560 257 624 gna
312 540 634 622 legionum
694 546 1138 624 pervenerunt,
1197 539 1507 624 respirare
1568 546 1631 604 et
1694 538 2138 621 conquiescere
2199 540 2520 623 paulisper

126 626 395 690 militem
440 627 646 708 iubet,
695 627 880 691 simul
926 634 1123 692 strata
1166 647 1279 711 per
1322 627 1598 692 tumulos
1644 645 1903 709 corpora
1948 625 2269 690 Gallorum
2314 633 2517 691 osten-

74 719 245 797 5tat3
298 720 381 793 et,
429 733 572 777 cum
616 714 777 778 levis
822 721 1140 778 armatura
1193 714 1498 798 proelium
1557 713 1684 777 tale
1745 711 2030 793 ediderit,
2095 712 2245 794 quid
2306 714 2388 778 ab
2435 713 2516 778 le·
2554 734 2585 781 5

39 838 44 841 <
124 800 443 884 gionibuS,
514 799 667 881 quid
726 801 807 865 ab
875 800 1057 865 iustis
1123 801 1334 881 armis,
1399 800 1552 882 quid
1607 800 1689 864 ab
1751 799 1979 863 animis
2038 798 2517 864 fortissimorum

124 887 397 951 militum
444 887 817 969 expectari?
909 893 1116 952 castra
1158 887 1282 952 illis
1328 887 1640 970 capienda
1686 905 1845 966 esse,
1910 887 1975 952 in
2035 906 2198 967 quae
2246 887 2517 970 compul-

125 994 233 1039 sus
281 973 364 1038 ab
412 972 540 1037 levi
597 980 918 1038 armatura
963 973 1162 1039 hostis
1222 973 1513 1058 trepidet.
1607 971 1988 1056 praecedere
2056 979 2267 1037 tamen
2338 973 2515 1038 iubet
2554 986 2584 1032 6

122 1062 336 1126 levem
380 1065 783 1142 armaturam,
832 1081 1014 1142 quae,
1063 1081 1206 1125 cum
1252 1067 1447 1125 staret
1506 1080 1756 1143 agmen,
1822 1059 2192 1143 colligendis
2253 1081 2366 1144 per
2426 1065 2516 1123 tu-

54 1164 96 1210 10
123 1147 333 1211 mulos
377 1146 540 1226 telis,
587 1153 657 1211 ut
701 1147 963 1211 missilia
1009 1147 1390 1228 sufficerent,
1435 1145 1609 1211 haud
1656 1166 1852 1229 segne
1896 1145 1962 1209 id
2006 1146 2212 1230 ipsum
2268 1153 2519 1230 tempus

127 1239 621 1316 consumpserat.
712 1234 840 1297 iam
887 1235 1108 1299 castris
1153 1234 1779 1318 appropinquabant3
1830 1240 1892 1295 et
1937 1232 2121 1312 Galli,
2168 1253 2250 1296 ne
2294 1253 2517 1319 parum
2558 1247 2586 1294 7

126 1340 196 1385 se
242 1321 636 1393 munimenta
680 1340 795 1384 sua
838 1326 1144 1404 tegerent,
1190 1321 1418 1387 armati
1466 1341 1578 1405 pro
1610 1320 1774 1384 vallo
1808 1320 2234 1384 constiterant.
2313 1319 2517 1384 obruti

127 1405 361 1471 deinde
407 1406 579 1471 omni
638 1427 872 1489 genere
932 1409 1214 1487 telorum,
1264 1429 1425 1488 cum,
1489 1428 1612 1489 quo
1672 1407 1883 1490 plures
1940 1412 2131 1488 atque
2192 1404 2517 1470 densiores

128 1499 327 1573 erant,
395 1513 468 1558 eo
531 1493 740 1557 minus
793 1495 945 1558 vani
1006 1495 1341 1576 quicquam
1401 1493 1806 1558 intercideret
1863 1492 1991 1573 teli,
2052 1492 2221 1556 intra
2280 1493 2517 1556 vallum

56 1597 98 1643 15
129 1586 447 1645 momento
494 1581 795 1663 temporis
842 1581 1301 1664 compelluntur
1344 1580 1720 1645 stationibus
1767 1585 2012 1643 tantum
2057 1578 2256 1643 firmis
2300 1579 2384 1643 ad
2429 1579 2517 1662 ip-

35 1712 38 1729 .
130 1686 232 1731 sos
274 1665 483 1731 aditus
527 1673 846 1749 portarum
891 1668 1144 1731 relictis.
1236 1667 1303 1731 in
1350 1666 1816 1731 multitudinem
1862 1666 2249 1749 compulsam
2303 1667 2369 1729 in
2417 1686 2515 1730 ca·
2553 1680 2585 1727 8

132 1759 261 1817 stra
300 1753 398 1818 vis
442 1753 671 1837 ingens
716 1754 1046 1819 missilium
1092 1754 1356 1819 telorum
1389 1753 1857 1836 coniciebatur3
1906 1758 1969 1816 et
1999 1753 2317 1817 vulnerari
2364 1754 2513 1816 mul-

35 1830 38 1953 1
136 1845 234 1902 108
278 1839 506 1904 clamor
550 1840 902 1923 permixtus
947 1841 1279 1905 mulierum
1322 1848 1516 1923 atque
1561 1860 1898 1925 puerorum
1930 1840 2277 1922 ploratibus
2326 1840 2514 1922 signi-

35 1956 36 1981 1
137 1924 375 1991 ficabat.
469 1927 537 1989 in
584 1947 711 2007 eoS,
762 1928 865 2008 qui
911 1934 1126 2011 portas
1171 1927 1550 1993 stationibus
1595 1928 1725 1993 suis
1772 1928 2146 2007 clauserant,
2194 1927 2514 2008 legionum
2552 1942 2582 1988 9

53 2028 100 2075 20
130 2012 529 2094 antesignani
587 2014 718 2097 pila
778 2015 1198 2079 coniecerunt.
1290 2015 1368 2080 iis
1427 2035 1579 2080 vero
1638 2034 1766 2079 non
1825 2014 2338 2093 vulnerabantur,
2402 2010 2515 2077 sed

35 2143 36 2150 .
128 2100 651 2166 transverberatis
697 2101 892 2167 scutis
944 2101 1226 2185 plerique
1280 2101 1446 2167 inter
1491 2121 1560 2167 se
1624 2100 1893 2166 conserti
1954 2100 2333 2184 haerebant;
2398 2118 2516 2164 nec

127 2185 361 2251 diutius
420 2187 725 2270 impetum
786 2190 1210 2254 Romanorum
1266 2189 1715 2254 sustinuerunt.
1825 2188 2069 2251 XXIII.
2143 2185 2514 2251 Patentibus
2559 2202 2585 2248 1

127 2273 250 2336 iam
295 2274 512 2357 portis,
560 2275 923 2359 priusquam
970 2275 1386 2359 irrumperent
1445 2276 1737 2354 victores,
1798 2272 1952 2356 fuga
2017 2294 2052 2338 e
2100 2273 2321 2337 castris
2376 2273 2519 2337 Gal·

126 2361 325 2425 lorum
371 2360 438 2424 in
485 2380 704 2426 omnes
749 2369 961 2444 partes
1007 2361 1182 2426 facta
1232 2368 1343 2426 est.
1435 2368 1625 2426 ruunt
1671 2361 1843 2424 caeci
1889 2379 2002 2443 per
2050 2359 2208 2438 vias,
2269 2379 2383 2442 per
2428 2360 2518 2423 in·

52 2461 97 2508 15
126 2447 261 2529 via;
309 2446 487 2511 nulla
529 2448 900 2532 praecipitia
947 2468 1123 2528 saxa,
1187 2448 1394 2512 nullae
1454 2467 1644 2532 rupes
1703 2448 1990 2528 obstant,
2055 2445 2214 2509 nihil
2266 2452 2517 2529 praeter

127 2532 370 2598 hostem
426 2541 731 2599 metuunt.
822 2535 1037 2616 itaque
1082 2535 1385 2618 plerique,
1433 2534 1815 2618 praecipites
1860 2553 1972 2617 per
2016 2538 2263 2596 vastam
2309 2533 2512 2596 altitu·
2550 2549 2581 2594 2

127 2618 338 2684 dinem
382 2621 679 2704 prolapsi,
727 2622 980 2683 contusi
1025 2641 1101 2685 ac
1146 2620 1458 2686 debilitati
1505 2620 1966 2685 exanimantur.
2061 2621 2280 2684 consul
2310 2620 2514 2704 captis

127 2707 345 2771 castris
392 2705 741 2791 direptione
788 2706 1149 2792 praedaque
1179 2708 1457 2773 abstinet
1488 2707 1788 2790 militem3
1836 2706 2015 2788 sequi
2047 2726 2159 2789 pro
2191 2726 2261 2770 se
2301 2726 2510 2787 quem-

128 2812 244 2874 que
293 2798 358 2857 et
402 2793 639 2858 instare
686 2801 749 2860 et
792 2796 1098 2879 perculsis
1142 2814 1440 2879 pavorem
1487 2793 1723 2859 addere
1767 2794 1962 2859 iubet.
2050 2794 2417 2877 supervenit
2449 2799 2512 2858 et
2547 2811 2579 2858 3

49 2891 95 2939 30
127 2879 391 2944 alterum
439 2900 581 2944 cum
626 2881 696 2945 L.
731 2883 966 2946 Manlio
1011 2902 1278 2967 agmen3
1326 2902 1444 2946 nec
1491 2902 1599 2947 eos
1645 2887 1853 2946 castra
1883 2881 2118 2944 intrare
2152 2880 2328 2964 sinit3
2376 2901 2513 2964 pro·

127 2965 289 3031 tinus
334 2964 417 3029 ad
466 2967 936 3051 persequendos
980 2968 1193 3033 hostes
1238 2969 1465 3053 mittit3
1524 2975 1587 3033 et
1643 2968 1783 3051 ipse
1830 2966 2017 3050 paulo
2077 2973 2220 3050 post
2279 2966 2515 3030 tradita

126 3053 515 3137 captivorum
562 3054 848 3121 custodia
891 3055 1160 3120 tribunis
1207 3056 1475 3120 militum
1524 3054 1824 3137 sequitur,
1892 3052 2273 3118 debellatum
2318 3060 2511 3134 ratus,

328 3246 377 3298 3.
406 3248 677 3297 uenerunt
701 3244 762 3297 B.
795 3246 803 3311 Ι
836 3249 885 3300 5.
923 3249 980 3298 et
1018 3247 1147 3300 olim
1185 3246 1283 3299 del.
1309 3245 1559 3314 Madviq,
1585 3247 1653 3311 ef.
1684 3244 1810 3297 Em.
1837 3244 1907 3297 L.
1924 3261 1985 3312 p.
2014 3246 2132 3309 544,
2171 3245 2251 3294 et:
2289 3242 2472 3295 Hertz.
2499 3241 2506 3310 Ι

126 3332 201 3385 14.
225 3330 325 3383 teli
351 3349 453 3386 om.
479 3331 539 3383 B.
572 3333 581 3397 Ι
617 3333 697 3386 17.
723 3330 1060 3384 coiciebatur
1084 3332 1144 3385 B.
1177 3331 1185 3399 Ι
1216 3335 1299 3386 20.
1326 3330 1645 3385 coiecerunt
1668 3331 1728 3384 Β.
1762 3333 1770 3397 Ι
1801 3328 1869 3382 118
1894 3330 1967 3396 B3
2005 3327 2061 3381 hi
2088 3330 2203 3383 eod.
2228 3346 2329 3383 rec.
2356 3335 2406 3382 et
2429 3329 2510 3381 ed.

121 3424 211 3472 vet.
244 3423 252 3482 Ι
287 3419 371 3472 24.
392 3416 567 3470 01111118
592 3418 652 3472 Β.
685 3420 693 3484 Ι
725 3421 808 3473 25.
836 3417 1061 3472 obstant
1085 3437 1185 3474 om.
1212 3419 1271 3471 B.
1306 3419 1314 3484 Ι
1345 3421 1429 3473 27.
1453 3416 1713 3486 prolapsi,
1739 3415 1957 3470 contusi
1982 3431 2047 3468 ac
2073 3412 2348 3468 debilitati
2372 3415 2508 3468 Η.Ι.

120 3504 353 3559 Mueller
389 3522 517 3558 ann.
553 3506 736 3559 Berol.
758 3508 896 3559 1891
927 3523 989 3574 p.
1014 3509 1143 3567 170;
1186 3503 1431 3573 prolapsi
1476 3509 1575 3558 aut
1620 3501 1893 3557 debilitati
1940 3504 2053 3557 eod.
2082 3501 2167 3569 (B)
2206 3508 2257 3555 et
2291 3502 2371 3555 ed.
2397 3508 2512 3568 vet„

118 3590 357 3658 prolapsi
390 3592 574 3658 Harl,
596 3590 857 3660 prolapsi,
894 3590 1171 3644 debilitati
1206 3593 1438 3661 Madvig
1465 3593 1587 3645 Em.
1615 3592 1682 3645 L.
1705 3609 1762 3660 p.
1790 3593 1907 3658 545,
1946 3591 2132 3656 Hertz,
2167 3587 2409 3656 prolapsi
2445 3603 2510 3641 ac

118 3675 393 3731 debilitati
413 3678 804 3746 Weissenborn,
839 3676 1101 3746 prolapsi,
1136 3678 1352 3732 contusi
1388 3681 1489 3731 aut
1523 3676 1797 3731 debilitati
1823 3678 1904 3730 M.
1927 3679 2174 3732 Mueller.
2208 3678 2215 3742 Ι
2247 3677 2330 3730 28.
2357 3690 2508 3743 prae·

116 3762 302 3832 daque
326 3764 396 3831 M,
421 3765 558 3820 Lov.
584 3769 619 3818 3
628 3785 649 3832 ;
681 3764 889 3833 praeda
914 3756 1022 3835 qb,
1058 3766 1121 3835 B,
1147 3764 1355 3833 praeda
1391 3763 1707 3834 quibusque
1744 3765 1857 3820 cod.
1883 3782 1985 3820 ree.
2011 3771 2060 3819 et
2095 3765 2176 3818 ecl.
2202 3763 2509 3832 antiquiss„

114 3850 582 3920 praedatibusque
618 3854 666 3907 Ι.
693 3853 762 3907 F.
794 3853 1119 3910 Gronovius.
1152 3858 1161 3921 Ι
1193 3857 1274 3910 29.
1312 3852 1554 3921 perculsi
1589 3853 1649 3906 B.
1683 3855 1692 3920 Ι
1723 3855 1804 3908 31.
1845 3851 2020 3906 hostis
2055 3852 2116 3905 B.
2150 3854 2158 3917 Ι

218 3948 268 3989 r.
292 3946 384 3989 mv.
415 3947 485 3988 vr.
541 3948 683 3989 Editio
711 3948 858 3989 maior.
2128 3941 2191 3988 10
