2925 4278
400 145 481 207 28
893 161 1116 213 LIBER
1155 159 1422 213 XXXVI.
1462 160 1630 214 GAP.
1656 163 1740 215 23.
1767 163 1849 215 24.
1890 161 1963 228 [a.
1991 160 2056 215 U.
2084 176 2129 214 0.
2157 160 2299 229 563.]

397 333 883 399 succedentibus
928 334 1067 399 aliis
1111 334 1179 397 in
1240 334 1578 398 stationem
1622 334 1906 413 aliorum,
1968 333 2225 397 Aetolos
2279 338 2535 416 propter
2580 332 2792 417 pauci-

329 442 360 488 6
398 427 593 485 tatem
641 420 897 485 eosdem
944 419 1081 485 dies
1141 427 1486 502 noctesque
1529 418 1798 485 adsiduo
1857 419 2071 484 labore
2126 424 2366 483 urente.
2457 438 2571 502 per
2618 425 2793 500 quat-

400 514 538 570 tuor
584 513 647 571 et
692 506 920 588 viginti
967 507 1122 588 dies,
1189 507 1279 571 ita
1338 513 1408 571 ut
1468 507 1708 570 nullum
1769 512 2021 589 tempus
2066 526 2336 570 vacuum
2385 504 2794 569 dimicatione

399 599 585 673 esset,
631 592 939 658 adversus
1000 599 1293 675 quattuor
1340 613 1374 656 e
1429 593 1717 676 partibus
1778 593 1964 657 simul
2009 597 2485 676 oppugnantem
2545 591 2796 656 hostem

331 700 359 747 7
398 686 742 744 nocturnus
788 679 1012 744 diurno
1060 680 1462 745 continuatus
1508 679 1686 743 labor
1731 684 1843 744 est.
1909 699 2053 742 cum
2098 677 2403 761 fatigatos
2446 678 2577 741 iam
2608 678 2795 742 Aeto·
2860 700 2881 743 5

398 767 493 830 los
539 767 728 830 sciret
775 767 992 831 consul
1054 773 1116 830 et
1173 786 1254 830 ex
1317 765 1522 849 spatio
1585 765 1885 849 temporis
1931 771 1995 830 et
2040 764 2209 847 quod
2270 764 2359 828 ita
2420 763 2795 847 transfugae

329 851 842 932 s,adfirmabant
909 853 1036 917 tale
1084 853 1414 917 consilium
1459 852 1596 915 init.
1691 851 1904 916 media
1949 858 2134 916 nocte
2194 851 2479 934 receptui
2539 851 2795 934 signum

400 936 577 1002 dedit
637 945 700 1002 et
760 905 842 1003 ab
904 939 1377 1023 oppugnatione
1438 939 1624 1002 simul
1685 938 1915 1002 milites
1960 957 2183 1003 omnes
2229 936 2533 1001 deductos
2595 956 2796 1018 usque

331 1045 360 1090 9
400 1023 484 1088 ad
539 1025 790 1088 tertiam
851 1025 979 1089 diei
1042 1025 1262 1090 horam
1325 1024 1571 1107 quietos
1631 1024 1698 1088 in
1763 1025 1986 1089 castris
2044 1024 2264 1088 tenuit.
2358 1022 2509 1087 inde
2572 1029 2800 1107 coepta

400 1111 788 1195 oppugnatio
834 1110 916 1175 ad
979 1110 1255 1176 mediam
1315 1131 1532 1176 rursus
1593 1117 1841 1175 noctem
1902 1110 2209 1194 perducta
2255 1116 2369 1190 est,
2431 1110 2799 1175 intermissa
2834 1132 2912 1177 10·

300 1216 364 1264 10
401 1196 633 1261 deinde
692 1218 895 1279 usque
965 1197 1048 1261 ad
1116 1198 1367 1262 tertiam
1437 1196 1566 1262 diei
1625 1197 1861 1261 horam.
1968 1197 2409 1280 fatigationem
2470 1196 2591 1260 rati
2653 1216 2798 1261 esse
2911 1248 2912 1267 1

402 1305 657 1349 causam
718 1285 926 1348 Aetoli
986 1305 1110 1349 non
1174 1282 1643 1348 continuandae
1702 1284 2212 1383 oppugnationis,
2276 1302 2439 1364 quae
2501 1288 2565 1347 et
2624 1283 2800 1383 ipsos
2911 1286 2912 1353 1

400 1370 742 1450 adfecer,at
799 1371 907 1434 ubi
954 1371 1258 1435 Romanis
1303 1370 1523 1434 datum
1568 1369 1849 1453 receptui
1910 1370 2164 1452 signum
2212 1376 2398 1449 esset,
2455 1369 2630 1433 velut
2674 1369 2800 1452 ipsi

401 1456 520 1520 hoc
564 1457 844 1521 revocati
890 1478 1003 1540 pro
1051 1476 1119 1521 se
1152 1457 1419 1537 quisque
1467 1476 1549 1520 ex
1595 1456 1972 1521 stationibus
2016 1421 2433 1536 decedebant,
2480 1474 2601 1519 nec
2645 1462 2800 1520 ante

402 1541 526 1607 diei
576 1544 826 1606 tertiam
871 1542 1094 1607 horam
1138 1543 1360 1607 armati
1410 1544 1478 1606 in
1524 1543 1718 1607 muris
1763 1532 2177 1643 apparebant.
2838 1564 2887 1610 15

334 1650 360 1694 1
608 1630 844 1692 XXIV.
883 1630 1117 1694 Consul
1148 1649 1287 1693 cum
1320 1636 1505 1693 nocte
1530 1628 1742 1694 media
1770 1629 2211 1693 intermisisset
2233 1628 2799 1712 oppugnationem,
2885 1638 2896 1647 ”

330 1736 362 1780 2
402 1722 627 1796 quarta
670 1715 893 1798 vigilia
936 1735 1151 1779 rursus
1195 1717 1276 1780 ab
1325 1715 1527 1781 tribus
1573 1716 1859 1798 partibus
1905 1735 2151 1779 summa
2196 1715 2262 1778 vi
2305 1734 2665 1798 aggressus,
2715 1717 2797 1780 ab

403 1821 531 1865 una
559 1801 654 1865 Ti
691 1801 1134 1885 Sempronium
1180 1808 1396 1866 tenere
1442 1802 1721 1866 intentos
1767 1801 1998 1866 milites
2043 1802 2424 1884 signumque
2456 1806 2802 1884 expectare

400 1888 602 1968 iussit,
649 1887 732 1951 ad
766 1908 843 1952 ea
886 1888 953 1951 in
998 1895 1304 1953 nocturno
1343 1888 1633 1968 tumultu,
1682 1887 1852 1952 unde
1884 1889 2118 1952 clamor
2149 1887 2576 1967 exaudiretur,
2624 1886 2801 1951 haud

333 1993 363 2038 3
403 1974 596 2038 dubie
641 1981 815 2039 ratus
858 1975 1073 2039 hostes
1105 1994 1535 2040 concursuros.
1598 1975 1810 2040 Aetoli
1853 1994 2003 2057 pars
2049 1974 2235 2058 sopiti
2281 1972 2537 2037 adfecta
2580 1973 2802 2038 labore
2836 1995 2890 2043 20

402 2080 479 2124 ac
526 2060 763 2143 vigiliis
811 2081 1073 2146 corpora
1117 2082 1200 2126 ex
1246 2081 1467 2126 somno
1513 2061 1952 2142 moliebantur,
2009 2080 2156 2146 pars
2202 2060 2543 2144 vigilantes
2588 2058 2804 2124 adhuc

331 2168 366 2215 4
402 2147 485 2211 ad
532 2149 862 2231 strepitum
907 2149 1330 2232 pugnantium
1375 2148 1441 2211 in
1490 2148 1769 2213 tenebris
1811 2154 2084 2212 currunt.
2151 2147 2365 2213 hostes
2408 2146 2639 2231 partim
2685 2167 2805 2230 per

402 2234 618 2298 ruinas
662 2235 928 2300 iacentis
974 2236 1134 2300 muri
1190 2234 1639 2300 transcendere
1687 2241 2012 2315 conantur,
2075 2235 2305 2317 partim
2351 2233 2538 2298 scalis
2581 2253 2803 2298 ascen·

610 2427 658 2477 2.
696 2428 930 2492 urgente
956 2425 1070 2479 eod.
1101 2425 1289 2493 Siqon.
1324 2424 1331 2489 Ι
1364 2428 1411 2478 5.
1451 2439 1573 2477 011111
1600 2426 1714 2479 cod.
1745 2426 1993 2493 plerique
2016 2424 2103 2492 (B)
2136 2431 2186 2478 et
2209 2425 2287 2479 ed.
2315 2431 2422 2491 vet,·
2459 2428 2516 2476 et
2541 2439 2667 2476 cum
2687 2423 2759 2479 M.
2795 2429 2800 2490 Ι

404 2514 450 2565 6.
471 2511 660 2563 00118111
681 2530 783 2566 om.
804 2511 865 2564 B.
899 2515 907 2576 Ι
940 2525 1008 2563 ex
1028 2510 1207 2577 spatio
1227 2512 1295 2565 R.
1317 2512 1383 2564 N
1380 2512 1531 2579 ovdk,
1560 2512 1639 2564 M.
1669 2512 1916 2579 Mueller,
1943 2513 2011 2578 cf.
2038 2510 2115 2564 H.
2136 2513 2184 2564 Ι.
2207 2512 2439 2565 Mueller
2462 2528 2591 2564 ann.
2613 2512 2802 2566 Berol.

402 2601 536 2651 1891
557 2616 616 2666 p.
643 2601 747 2651 167
757 2618 775 2665 ;
811 2596 1122 2664 expectatio
1158 2596 1221 2664 B,
1259 2596 1644 2664 expectatione
1681 2598 1797 2653 eod.
1834 2614 1935 2651 ree.
1966 2599 2227 2666 plerique,
2265 2611 2336 2649 ex
2370 2596 2586 2649 ratione
2617 2597 2804 2651 Gelen.

403 2683 477 2748 (M
487 2683 551 2751 ‘?),
569 2684 650 2737 ed.
671 2685 848 2738 Basil.
870 2686 1022 2749 1535,
1047 2697 1116 2735 ex
1136 2682 1545 2750 comparatione
1565 2684 1706 2738 coni.
1736 2685 2111 2739 Weissenborn
2129 2684 2209 2737 ed.
2235 2684 2434 2736 Teubn.
2454 2683 2589 2750 p.X
2597 2683 2767 2737 VIII.
2794 2683 2800 2752 Ι

404 2774 453 2826 8.
491 2769 692 2824 milites
728 2783 916 2822 omnes
942 2767 1017 2832 B3
1054 2783 1243 2821 omnes
1279 2768 1483 2822 milites
1520 2770 1634 2823 eod.
1659 2785 1759 2824 ree.
1786 2776 1836 2823 et
1860 2770 1939 2823 ed.
1965 2776 2060 2823 vet.
2094 2771 2101 2835 1
2137 2772 2217 2824 10.
2252 2767 2494 2835 pductae
2532 2772 2664 2820 sunt
2700 2768 2800 2838 Β.Ι

408 2859 487 2911 11.
526 2856 632 2909 rati
669 2870 790 2908 esse
828 2869 1052 2907 causam
1089 2854 1152 2921 B,
1191 2856 1304 2909 cod.
1344 2872 1443 2909 ree.
1476 2857 1724 2923 plerique
1760 2857 1917 2922 (Lov.
1950 2857 2009 2921 2)
2055 2862 2104 2909 et
2138 2856 2220 2909 ecl.
2258 2855 2446 2909 Parni.
2485 2860 2652 2921 1480,-
2696 2856 2807 2909 rati

404 2957 629 2996 causam
667 2956 790 2995 esse
827 2943 905 2996 ed.
932 2948 1028 2996 vet.
1063 2943 1071 3006 1
1105 2944 1186 2996 13.
1222 2940 1329 3009 ipsi
1366 2940 1473 2995 1100
1501 2943 1616 2997 cod.
1642 2960 1742 2997 ree.
1770 2944 1928 3008 (Lov.
1952 2944 2038 3010 2);
2073 2957 2171 3008 spe
2207 2941 2312 2995 hac
2336 2942 2399 3009 B,
2435 2941 2540 3010 ipsi
2578 2958 2806 3011 quoque

404 3031 483 3084 ed.
511 3030 644 3083 Par.
672 3032 825 3095 1510,
863 3027 971 3095 ipsi
1005 3041 1227 3095 quoque
1264 3027 1369 3081 1100
1406 3030 1486 3083 ed.
1524 3036 1641 3097 vet„
1676 3027 1783 3096 ipsi
1820 3028 1988 3081 etiam
2013 3029 2262 3097 Madviq,
2302 3033 2359 3081 et
2393 3028 2497 3095 ipsi
2532 3031 2805 3085 Weissen-

405 3119 540 3172 born
564 3116 642 3169 ed.
674 3116 871 3169 Teubn.
888 3117 1073 3183 praef.
1102 3132 1166 3183 p.
1192 3115 1426 3169 XVIII.
1462 3114 1469 3183 Ι
1507 3118 1586 3169 14.
1626 3130 1693 3168 ex
1733 3114 2068 3169 stationibus
2103 3115 2174 3182 M,
2207 3116 2417 3182 Aldus;
2453 3129 2522 3167 ex
2557 3115 2807 3170 statione

405 3204 519 3257 cod.
539 3219 640 3256 rec.
660 3208 710 3255 et
733 3201 812 3255 ecl.
835 3202 1138 3270 antiquiss,
1167 3201 1555 3269 expectatione
1579 3202 1642 3255 B.
1676 3205 1684 3267 Ι
1718 3206 1798 3257 15.
1826 3201 1937 3254 diei
1962 3201 2187 3254 terciam
2210 3201 2272 3269 B,
2298 3202 2519 3255 tertiam
2545 3201 2658 3256 diei
2683 3206 2805 3259 cod.

402 3305 503 3342 ree.
540 3294 605 3342 et.
643 3289 723 3341 ed.
762 3294 857 3342 vet.
889 3289 899 3353 Ι
933 3290 1013 3342 17.
1050 3287 1303 3355 partibus
1338 3305 1439 3342 om.
1477 3288 1540 3340 B.
1573 3289 1580 3356 Ι
1614 3287 1685 3341 81)
1720 3304 1834 3342 11118
1868 3288 1939 3355 M,
1977 3290 2257 3357 Moqunt.;
2291 3303 2403 3341 11118
2438 3289 2531 3342 rel.
2559 3290 2676 3344 cod.
2715 3290 2809 3358 (B)

404 3380 453 3427 et
488 3374 568 3428 ed.
606 3375 894 3443 antiquiss.
936 3374 943 3440 Ι
987 3376 1069 3429 18.
1108 3373 1193 3426 Ti.
1234 3374 1522 3443 Siqonius3
1568 3379 1607 3427 t.
1645 3374 1716 3442 M,
1762 3392 1864 3430 om.
1901 3377 1994 3429 rel.
2032 3376 2146 3430 eod.
2187 3374 2275 3442 (B)
2311 3382 2360 3429 et
2405 3375 2484 3428 ed.
2521 3382 2620 3429 vet.
2662 3377 2670 3441 Ι
2713 3389 2807 3428 ex-

404 3464 627 3525 pectare
664 3461 734 3528 M,
772 3462 1043 3530 Moqwnt„
1082 3462 1151 3528 ef.
1180 3461 1412 3529 Madviq
1442 3462 1568 3515 Em.
1599 3462 1667 3514 L.
1698 3478 1759 3530 p.
1785 3464 1913 3528 5233
1952 3466 2310 3528 expectantes
2344 3464 2437 3516 rel.
2475 3462 2591 3517 eod.
2629 3462 2720 3529 (B)
2756 3471 2809 3518 et

404 3547 483 3600 ed.
523 3549 809 3616 antiquiss.
843 3548 850 3614 Ι
886 3550 965 3601 19.
1003 3546 1170 3599 iussit
1205 3564 1308 3601 om.
1333 3546 1395 3600 B.
1430 3549 1437 3612 Ι
1471 3547 1544 3600 811
1580 3546 1647 3600 ΒΞ
1682 3547 1741 3599 111
1776 3551 2045 3601 nocturno
2082 3548 2128 3601 B
2165 3555 2215 3602 et
2249 3565 2369 3616 ree„
2407 3549 2477 3599 ad
2514 3562 2639 3601 eam
2676 3565 2808 3603 noc-

404 3636 567 3685 turno
603 3635 738 3689 Lov.
762 3637 813 3689 2.
848 3635 855 3698 Ι
887 3635 970 3689 20.
1008 3632 1187 3686 hostis
1222 3633 1284 3685 B.
1317 3634 1325 3700 Ι
1358 3635 1441 3687 21.
1480 3632 1663 3687 adhuc
1699 3632 1772 3687 ad
1809 3633 2100 3701 strepitum
2137 3634 2191 3686 M
2203 3635 2231 3687 ’ἓ
2256 3633 2332 3687 S?
2368 3635 2396 3699 (
2396 3640 2573 3699 „vetus
2612 3637 2804 3692 lectio“

403 3723 529 3773 teste
558 3720 817 3786 Gelenio),
843 3719 924 3773 ed.
949 3720 1130 3774 Basil.
1157 3725 1206 3773 et
1228 3736 1361 3788 seq.;
1398 3718 1583 3773 adhuc
1612 3719 1904 3788 strepitum
1927 3738 2019 3774 wn.
2042 3722 2158 3776 eod.
2183 3737 2284 3776 rec.
2306 3721 2534 3787 (Harl),
2562 3721 2637 3774 ad
2655 3721 2811 3776 hunc

314 3805 694 3872 *a-..hstrepitum
728 3808 820 3861 rel.
859 3805 973 3860 cod.
1011 3804 1099 3872 (B)
1138 3811 1187 3858 et
1221 3806 1302 3858 ed.
1341 3808 1626 3875 antiquiss
1660 3808 1667 3872 Ι
