2925 4278
406 126 531 190 144
863 143 1089 196 LIBER
1126 142 1457 197 XXXVIII.
1498 141 1664 197 CAP.
1691 146 1775 198 21.
1802 147 1884 199 22.
1926 143 1996 211 [a.
2025 143 2091 197 U.
2120 158 2165 196 e.
2192 142 2331 210 565].

401 322 709 400 pugnant,
760 322 821 379 et
866 322 1014 380 sunt
1059 315 1203 381 fusa
1249 322 1311 381 et
1358 316 1631 380 candida
1679 337 1957 401 corpora,
1990 322 2060 380 ut
2100 335 2262 398 quae
2293 336 2641 397 numquam
2672 316 2794 380 nisi

400 404 467 467 in
513 422 731 486 pugna
776 402 1124 486 nudentur3
1170 403 1262 466 ita
1307 409 1371 467 et
1415 405 1555 487 plus
1601 404 1931 487 sanguinis
1979 424 2062 468 ex
2108 404 2305 467 multa
2337 422 2526 467 carne
2573 402 2795 467 funde-

405 491 612 570 batur,
662 496 726 554 et
770 488 1085 554 foediores
1132 490 1441 572 patebant
1487 490 1738 574 plagae,
1802 496 1866 554 et
1913 489 2147 554 candor
2193 510 2525 573 corporum
2589 490 2797 573 magis

300 588 364 634 10
403 576 717 660 sanguine
763 583 899 641 atro
946 577 1398 641 maculabatur.
1493 576 1608 641 sed
1653 597 1780 641 non
1827 584 1958 640 tam
2004 576 2370 660 patentibus
2416 575 2627 660 plagis
2674 596 2797 640 mo-

401 669 655 746 ventur,
703 661 1023 727 interdum
1067 662 1313 726 insecta
1360 670 1522 743 cute,
1570 663 1680 727 ubi
1725 663 1910 727 latior
1956 683 2143 745 quam
2190 662 2376 726 altior
2418 663 2616 745 plaga
2679 670 2792 741 est,
2856 680 2879 726 5

299 762 358 808 11
402 750 593 815 etiam
637 748 968 833 gloriosius
1014 769 1081 813 se
1128 769 1412 833 pugnare
1458 756 1717 833 putant3
1765 749 1978 829 iidem,
2027 769 2171 813 cum
2217 749 2477 813 aculeus
2521 750 2797 832 sagittae

400 843 510 901 aut
553 836 808 919 glandis
871 835 1130 900 abditae
1190 836 1499 900 introrsus
1545 836 1721 900 tenui
1782 837 2043 901 vulnere
2080 837 2155 899 'in
2202 835 2480 919 speciem
2540 836 2691 915 urit,
2739 842 2796 899 et

402 929 775 1003 scrutanteS,
825 943 951 1004 qua
997 922 1294 999 evellant,
1342 923 1541 987 telum
1585 943 1711 987 non
1760 923 2060 1004 sequitur,
2107 928 2240 986 tum
2301 923 2367 985 in
2428 921 2680 987 rabiem
2739 930 2799 985 et

402 1009 707 1094 pudorem
753 1016 884 1072 tam
928 1029 1165 1092 parvae
1213 1009 1582 1093 perimentis
1628 1009 1796 1073 versi
1841 1009 2040 1092 pestis
2085 1015 2490 1092 prosternunt
2538 1028 2798 1092 corpora

299 1109 361 1155 12
401 1096 594 1160 humi.
683 1095 774 1160 sic
818 1101 952 1159 tum
998 1096 1236 1179 passim
1282 1097 1705 1180 procubuere3
1761 1095 1870 1159 alii
1910 1102 2167 1160 ruentes
2211 1096 2278 1158 in
2324 1094 2575 1160 hostem
2623 1094 2796 1159 undi-
2832 1111 2880 1158 10

399 1201 522 1263 que
569 1181 1051 1265 configebantur
1097 1188 1179 1265 et,
1229 1202 1373 1246 cum
1419 1183 1770 1246 comminus
1814 1189 2141 1263 venerant,
2202 1181 2435 1265 gladiis
2495 1202 2537 1245 a
2599 1181 2798 1246 veliti-

298 1282 361 1329 13
398 1271 519 1334 bus
579 1268 1075 1333 trucidabantur.
1169 1267 1274 1332 hic
1319 1269 1501 1333 miles
1561 1268 1933 1352 tripedalem
1994 1288 2282 1351 parmam
2345 1268 2543 1332 habet
2608 1275 2673 1332 et
2733 1268 2795 1330 in

399 1354 667 1421 dextera
732 1355 968 1438 hastas,
1039 1355 1269 1436 quibus
1339 1355 1585 1419 eminus
1651 1355 1877 1438 utitur3
1946 1355 2159 1439 gladio
2227 1354 2646 1438 Hispaniensi
2707 1361 2798 1419 est

376 1443 659 1507 cinctus.
754 1441 979 1523 quodsi
1025 1441 1189 1525 pede
1238 1442 1464 1506 collato
1524 1440 1938 1524 pugnandum
1999 1448 2113 1524 est,
2162 1441 2480 1506 translatis
2541 1441 2612 1506 in
2676 1442 2792 1504 lae·

297 1539 362 1585 14
397 1549 546 1593 vam
606 1528 806 1592 hastis
867 1528 1122 1610 stringit
1180 1528 1483 1610 gladium.
1578 1527 1765 1611 pauci
1826 1527 1954 1591 iam
2016 1534 2388 1611 supererant
2432 1527 2789 1609 Gallorum;
2830 1543 2879 1589 15

398 1616 525 1696 qui,
573 1622 909 1698 postquam
953 1615 1036 1677 ab
1083 1615 1209 1677 levi
1254 1620 1573 1678 armatura
1618 1620 1946 1697 superatos
1993 1634 2062 1679 se
2094 1614 2388 1679 viderunt
2441 1621 2506 1678 et
2560 1614 2792 1678 instare

395 1702 717 1785 legionum
765 1701 969 1783 signa,
1019 1701 1221 1764 effusa
1266 1700 1421 1783 fuga
1469 1706 1675 1764 castra
1718 1707 2011 1784 repetunt
2064 1702 2321 1784 pavoris
2382 1706 2445 1764 et
2490 1701 2794 1764 tumultus

397 1788 525 1851 iam
571 1787 780 1870 plena,
830 1793 899 1851 ut
943 1787 1055 1851 ubi
1100 1785 1379 1851 feminae
1438 1788 1744 1871 puerique
1805 1793 1870 1851 et
1928 1788 2057 1851 alia
2098 1787 2371 1851 imbellis
2432 1787 2624 1851 turba
2669 1805 2791 1871 per-

298 1884 361 1931 15
400 1874 606 1937 mixta
650 1880 836 1938 esset.
930 1874 1250 1937 Romanos
1297 1873 1569 1938 victores
1614 1873 1847 1938 deserti
1892 1872 2048 1957 fuga
2090 1873 2366 1938 hostium
2412 1879 2792 1958 acceperunt

331 1972 358 2017 1
399 1960 641 2024 tumuli.
721 1961 934 2023 XXII.
984 1960 1116 2024 Sub
1163 1957 1332 2023 idem
1365 1966 1616 2044 tempus
1653 1961 1724 2024 L.
1757 1959 2033 2025 Manlius
2080 1967 2142 2024 et
2190 1961 2258 2026 C.
2294 1959 2584 2040 Helvius,
2635 1979 2786 2035 cum,
2822 1971 2874 2019 20

398 2046 606 2128 quoad
651 2046 824 2110 viam
874 2047 1063 2110 colles
1110 2045 1351 2127 obliqui
1397 2046 1729 2127 dederunt,
1792 2045 2248 2127 escendissent,
2312 2054 2653 2128 postquam
2715 2043 2792 2108 ad

327 2146 357 2192 2
396 2135 571 2199 invia
617 2141 878 2199 ventum
926 2139 1040 2214 est,
1088 2131 1326 2198 flexere
1371 2133 1494 2197 iter
1552 2132 1619 2197 in
1663 2139 1908 2217 partem
1968 2133 2220 2215 montis,
2284 2135 2447 2214 quae
2506 2154 2643 2198 una
2693 2131 2791 2195 ha-

395 2221 591 2285 bebat
649 2222 786 2300 iter,
850 2226 914 2283 et
973 2219 1153 2301 sequi
1215 2221 1489 2285 consulis
1548 2240 1781 2303 agmen
1843 2220 2089 2284 modico
2153 2226 2418 2302 uterque
2464 2219 2790 2285 intervallo
2892 2275 2893 2278 ,

394 2308 572 2372 velut
615 2327 698 2371 ex
747 2306 1091 2391 composito
1138 2313 1501 2389 coeperunt,
1550 2306 1719 2387 quod
1762 2306 1964 2389 primo
1996 2307 2299 2390 optimum
2331 2307 2504 2371 factu
2551 2306 2787 2383 fuisset,

326 2405 356 2451 3
395 2394 462 2458 in
508 2393 576 2456 id
621 2394 1003 2458 necessitate
1048 2393 1190 2476 ipsa
1236 2392 1575 2477 compulsi;
1632 2392 1918 2457 subsidia
1963 2393 2131 2457 enim
2177 2393 2245 2456 in
2292 2393 2524 2458 talibus
2570 2391 2786 2474 iniqui·
2819 2402 2871 2450 25

398 2480 637 2544 tatibus
704 2479 982 2545 locorum
1050 2479 1332 2542 maximo
1393 2499 1587 2562 saepe
1647 2479 1789 2542 usui
1850 2479 2132 2560 fuerunt,
2203 2485 2274 2543 ut
2335 2479 2558 2562 primis
2635 2479 2787 2543 forte

602 2672 651 2723 4.
697 2668 1009 2722 maculatur
1053 2669 1115 2722 B.
1150 2669 1158 2734 Ι
1192 2671 1239 2723 6.
1284 2667 1431 2721 idem
1479 2668 1540 2720 B.
1575 2670 1583 2734 1
1616 2672 1662 2723 7.
1702 2672 1802 2721 aut
1846 2686 1948 2723 om.
1982 2668 2045 2721 B.
2078 2670 2087 2735 Ι
2119 2671 2166 2724 8.
2214 2668 2511 2722 scrutantis
2556 2668 2618 2723 Β.
2652 2670 2660 2734 Ι
2689 2681 2789 2735 qua

394 2756 636 2810 evellant
672 2759 721 2810 I.
748 2757 1098 2820 Perizonius;
1131 2769 1274 2823 quae
1312 2754 1525 2808 uellant
1560 2756 1673 2810 cod.
1700 2773 1801 2810 rec.
1822 2756 2066 2825 plerique
2101 2762 2150 2810 et
2186 2756 2266 2810 ed.
2291 2762 2405 2822 vet„
2442 2770 2552 2823 que
2588 2753 2788 2808 uellent

393 2843 588 2911 (uellet
631 2843 729 2910 B1)
772 2842 835 2894 B.
871 2844 879 2909 Ι
911 2845 960 2898 9.
997 2839 1228 2910 ρτθῒῇῒίε
1273 2842 1333 2894 Β.
1368 2844 1375 2908 Ι
1411 2845 1491 2897 10.
1539 2840 1705 2894 humi.
1763 2841 1841 2894 sic
1885 2846 2004 2894 tum
2040 2842 2245 2908 passim
2283 2839 2657 2909 procubuere3
2702 2837 2787 2893 alii

403 2932 794 2996 Weissenborn,
844 2932 912 2996 ef.
940 2930 1018 2982 H.
1047 2930 1091 2982 I.
1122 2930 1356 2982 Mueller
1391 2947 1520 2983 arm.
1547 2930 1730 2983 Berol.
1757 2933 1894 2982 1891
1925 2947 1986 2997 p.
2011 2933 2142 2991 170‚·
2187 2927 2336 2981 humi
2383 2929 2527 2981 sicut
2571 2930 2671 2997 (vel
2713 2926 2785 2979 sic

391 3018 476 3085 ut)
505 3016 708 3084 passim
743 3013 1169 3082 procumberent
1204 3013 1295 3067 alii
1335 3015 1448 3069 eod.
1477 3021 1526 3069 et
1561 3016 1641 3068 ed.
1667 3021 1781 3081 vet„
1820 3017 1889 3082 ef.
1913 3016 2102 3069 Waleh
2129 3016 2254 3068 Em.
2282 3015 2350 3068 L.
2381 3033 2442 3084 p.
2465 3019 2591 3082 265,
2627 3011 2783 3067 humi.

393 3105 472 3158 sic
509 3120 634 3157 cum
670 3101 878 3170 passim
915 3099 1354 3169 procumberent,
1380 3100 1476 3153 alii
1501 3103 1734 3169 Madviy
1761 3102 1885 3155 Em.
1912 3102 1981 3155 L.
2010 3119 2071 3170 p.
2100 3104 2221 3169 544,
2253 3099 2419 3153 humi.
2459 3101 2539 3154 sic
2576 3105 2642 3154 ut
2676 3113 2783 3168 pas-

393 3192 494 3245 sim
538 3187 995 3258 procumbebant,
1033 3187 1125 3240 alii
1172 3189 1357 3252 Hertz,
1396 3186 1565 3255 humi,
1615 3187 1760 3240 sicut
1804 3191 1923 3238 tum
1965 3186 2173 3254 passim
2216 3185 2656 3254 procubuerunt3
2699 3182 2782 3237 alii

392 3280 596 3345 Bauer,
644 3275 816 3340 humi,
862 3275 1005 3328 sicut
1052 3280 1169 3327 tum
1214 3273 1421 3341 passim
1466 3272 1941 3341 procumbebantz,
1994 3272 2086 3325 alii
2123 3274 2205 3327 M.
2238 3275 2482 3328 Mueller.
2524 3276 2532 3337 1
2579 3277 2655 3329 14.
2705 3273 2782 3323 est

392 3383 493 3419 om.
518 3364 580 3419 B.
614 3367 622 3429 Ι
657 3366 737 3418 16.
773 3362 981 3416 instare
1006 3362 1076 3430 M,
1107 3363 1320 3423 Aldus;
1358 3365 1508 3413 stare
1531 3355 1635 3415 rel.
1667 3361 1780 3415 eod.
1810 3360 1898 3427 (B)
1934 3366 1983 3414 et
2007 3360 2087 3414 ed.
2105 3361 2283 3430 prior.
2318 3361 2324 3428 Ι
2358 3363 2440 3415 20.
2467 3361 2528 3413 L.
2554 3357 2780 3413 Manlius

392 3469 495 3505 om.
515 3449 576 3503 B.
612 3455 619 3513 Ι
653 3452 734 3504 21.
756 3448 829 3503 ad
851 3447 1004 3501 inuia
1027 3448 1087 3500 B.
1120 3448 1129 3513 l
1161 3450 1244 3502 22.
1265 3445 1446 3500 flexer‘
1460 3445 1525 3499 B.
1560 3449 1566 3511 ί
1598 3448 1680 3500 23.
1708 3461 1909 3514 agmen
1934 3445 1966 3498 l.
1989 3445 2222 3498 manlius
2259 3460 2302 3498 c.
2326 3444 2546 3498 heluius
2577 3443 2779 3498 modico

390 3540 577 3603 uterq3
613 3535 675 3589 B.
708 3536 717 3601 Ι
748 3537 831 3589 24.
867 3532 1021 3586 factii‘
1044 3534 1090 3586 B
1126 3541 1175 3588 et
1212 3536 1475 3603 complur.
1503 3534 1616 3589 eod.
1651 3550 1753 3589 ree.
1782 3534 2001 3599 (Voss)
2035 3536 2043 3598 Ι
2074 3536 2157 3588 26.
2184 3532 2422 3586 maximo
2458 3547 2626 3601 saepe
2660 3526 2775 3582 usui

391 3622 473 3689 M,
517 3620 753 3673 maxime
800 3634 968 3686 saepe
1015 3619 1130 3672 suis
1174 3620 1220 3672 B
1271 3627 1320 3675 et
1364 3621 1483 3675 eod.
1508 3638 1629 3687 ree„
1665 3618 1899 3673 maxime
1935 3620 2036 3686 (vel
2072 3617 2364 3684 maximae)
2403 3619 2521 3687 spei
2557 3618 2667 3672 suis
2701 3616 2771 3670 ed.

390 3714 484 3763 vet.
520 3705 784 3772 {fuerunt
835 3707 1097 3773 „antiqua
1141 3708 1448 3775 seriptura⁶⁶
1503 3706 1683 3760 Geleu.
1732 3705 1790 3772 (S
1808 3706 1872 3775 ‘?),
1918 3707 1998 3761 ed.
2033 3707 2416 3768 Basil.1535;
2469 3704 2683 3759 fuerant
2724 3700 2771 3753 M

393 3796 528 3861 (test.
554 3795 788 3861 Moyuut
790 3792 844 3859 .,)
879 3791 943 3859 B,
980 3793 1096 3847 eod.
1132 3810 1235 3848 ree.
1273 3799 1322 3847 et
1366 3793 1447 3846 ed.
1474 3794 1759 3862 antiquisa
1793 3796 1801 3860 Ι
