2925 4278
632 172 858 224 LIBER
895 172 1191 225 XXXvn.
1230 172 1395 225 CAP.
1421 174 1505 227 22.
1534 174 1615 226 23.
1658 172 1723 239 [a.
1750 171 1813 225 U.
1841 188 1886 225 ο.
1914 172 2051 241 564].
2445 155 2526 218 75

179 346 397 411 consuli
427 353 609 428 atque
641 346 967 426 exercitui,
1003 365 1163 427 quae
1193 344 1277 409 ad
1307 346 1641 411 transitum
1675 346 2066 428 Hellesponti
2097 366 2254 430 opus
2293 353 2523 426 essent,

175 434 501 497 Romanam
544 432 977 515 Rhodiamque
1024 433 1291 497 classem
1336 431 1542 496 redire
1588 433 1846 498 Samum
1892 440 2084 513 atque
2128 433 2217 497 ibi
2280 433 2346 496 in
2407 440 2524 497 sta-

176 520 327 584 tione
385 540 540 600 esse,
602 541 681 585 ne
740 519 1172 602 Polyxenidas
1232 520 1313 583 ab
1369 518 1621 602 Epheso
1682 527 1979 584 moveret.
2070 538 2183 582 rex
2244 519 2522 600 Elaeam,

174 606 417 669 Romani
447 628 523 670 ac
552 606 779 672 Rhodii
827 607 1084 672 Samum
1131 606 1467 670 redierunt.
1544 606 1633 670 ibi
1678 607 1758 669 M.
1793 606 2096 670 Aemilius
2128 605 2321 669 frater
2350 625 2523 688 prae·
2561 621 2592 666 2
2679 604 2691 620 ⁸

121 714 146 758 5
177 693 309 756 toris
382 693 665 758 decessit.
757 692 987 758 Rhodii
1060 692 1392 757 celebratis
1453 693 1793 774 exsequiis,
1863 692 2168 756 adversus
2237 693 2522 772 classem,

180 799 341 859 quam
362 779 557 843 ·fama
601 787 732 844 erat
777 801 858 845 ex
906 779 1094 863 Syria
1138 780 1374 858 venire,
1421 779 1725 844 tredecim
1771 780 1900 844 suis
1945 779 2215 843 navibus
2277 785 2341 842 et
2399 799 2526 842 una

182 865 287 929 Coa
328 866 776 947 quinqueremi,
822 867 1021 931 altera
1068 866 1312 945 Cnidia,
1359 865 1672 945 Rhodum,
1733 872 1803 929 ut
1865 866 1953 930 ibi
1999 867 2063 930 in
2110 865 2379 930 statione
2435 885 2525 930 es-

177 960 312 1031 sent,
354 953 619 1035 profecti
666 960 827 1018 sunt.
918 953 1110 1017 biduo
1155 959 1323 1032 ante,
1376 972 1566 1035 quam
1611 952 1932 1016 Eudamus
1994 973 2132 1016 cum
2200 953 2399 1017 classe
2443 952 2524 1015 ab
2563 964 2593 1011 3

173 1036 339 1102 Samo
383 1039 646 1119 veniret,
693 1039 993 1104 tredecim
1039 1040 1121 1103 ab
1167 1038 1389 1103 Rhodo
1434 1059 1634 1104 naves
1689 1060 1831 1103 cum
1892 1038 2293 1121 Pamphilida
2351 1059 2525 1123 prae-

94 1145 142 1191 ιο
172 1125 316 1189 fecto
359 1125 664 1190 adversus
711 1125 974 1190 eandem
1009 1126 1337 1209 Syriacam
1384 1126 1651 1190 classem
1691 1126 1938 1205 missae,
1971 1125 2323 1209 adsumptis
2354 1132 2528 1206 quat-

172 1217 296 1275 tuor
350 1213 646 1293 navibus,
708 1233 870 1294 quae
932 1213 1154 1277 Cariae
1218 1211 1530 1296 praesidio
1601 1219 1805 1289 erant,
1868 1212 2380 1296 oppugnantibus
2439 1232 2527 1275 re-

169 1297 276 1379 giis
316 1298 602 1363 Daedala
647 1305 707 1363 et
754 1299 1064 1380 quaedam
1110 1300 1236 1363 alia
1279 1300 1558 1363 Peraeae
1606 1298 1863 1363 castella
1909 1298 2236 1362 obsidione
2282 1317 2526 1362 exeme-

170 1391 312 1448 runt.
400 1385 756 1450 Eudamum
805 1385 1133 1451 confestim
1197 1386 1371 1449 exire
1417 1386 1669 1468 placuit.
1762 1384 2016 1448 additae
2072 1384 2217 1448 huic
2278 1404 2524 1465 quoque
2559 1396 2595 1446 4

171 1477 299 1534 sunt
339 1471 422 1535 ad
468 1492 611 1536 eam
659 1472 943 1553 classem,
993 1493 1180 1554 quam
1242 1471 1538 1551 habebat,
1596 1492 1709 1536 sex
1769 1479 2027 1554 apertae
2082 1490 2297 1534 naves.
2389 1491 2523 1555 pro·
2562 1482 2594 1530 5

95 1577 142 1623 15
173 1556 354 1623 fectus
400 1580 565 1638 cum,
614 1565 916 1640 quantum
961 1560 1313 1623 accelerare
1358 1566 1624 1641 poterat,
1673 1564 2069 1637 maturasset,
2130 1556 2213 1621 ad
2257 1564 2524 1641 portum,

172 1664 333 1724 quem
378 1646 693 1728 Megisten
725 1652 974 1725 vocant,
1008 1665 1409 1729 praegressos
1441 1645 1858 1726 consequitur.
1937 1644 2086 1708 inde
2117 1665 2241 1708 uno
2272 1644 2526 1727 agmine

174 1729 549 1797 Phaselidem
597 1752 737 1796 cum
783 1732 1127 1807 venissent,
1175 1732 1481 1814 optimum
1526 1733 1730 1795 visum
1779 1738 1874 1795 est
1918 1731 2006 1794 ibi
2051 1730 2295 1795 hostem
2342 1750 2527 1814 oppe-

178 1816 274 1881 riri.
362 1819 612 1883 XXIII.
676 1820 751 1882 In
814 1818 1083 1882 confinio
1143 1819 1382 1900 Lyciae
1443 1824 1507 1882 et
1569 1818 1984 1901 Pamphyliae
2048 1817 2331 1882 Phaselis
2391 1824 2521 1900 est3
2567 1830 2592 1876 1

175 1906 457 1984 prominet
506 1905 758 1989 penitus
804 1905 869 1968 in
915 1904 1109 1968 altum
1171 1906 1676 1988 conspiciturque
1738 1906 1940 1989 prima
2000 1911 2304 1968 terrarum
2364 1902 2525 1968 Rho-

95 2006 143 2054 2ο
172 1987 299 2054 dum
340 2013 381 2056 a
426 1992 653 2058 Cilicia
698 1992 1058 2075 petentibus
1104 1998 1166 2054 et
1210 1992 1425 2074 procul
1471 1992 1728 2055 navium
1785 1993 2047 2075 praebet
2107 1997 2523 2074 prospectum.

172 2094 232 2141 eo
272 2079 570 2159 maxime,
617 2084 687 2143 ut
731 2078 795 2142 in
844 2078 1032 2144 obvio
1079 2078 1263 2142 classi
1309 2077 1582 2143 hostium
1631 2084 1863 2158 essent,
1913 2078 2147 2143 electus
2192 2077 2364 2142 locus
2412 2083 2522 2142 est.

170 2170 440 2246 ceterum,
491 2164 662 2247 quod
707 2186 832 2230 non
877 2165 1302 2249 providerunt,
1366 2171 1428 2229 et
1472 2165 1608 2229 loco
1666 2165 1849 2248 gravi
1912 2172 1974 2229 et
2033 2172 2313 2247 tempore
2374 2165 2525 2227 anni
2564 2178 2593 2223 2

167 2285 239 2295 —
279 2253 557 2317 medium
605 2252 772 2315 enim
818 2252 1078 2316 aestatis
1123 2258 1259 2316 erat
1306 2289 1407 2331 -,
1455 2251 1539 2315 ad
1584 2251 1702 2315 hoc
1732 2252 1982 2316 insolito
2013 2250 2202 2316 odore
2233 2252 2524 2334 ingruere

168 2338 347 2401 morbi
391 2340 608 2421 vulgo,
655 2339 931 2404 maxime
977 2339 1042 2402 in
1087 2339 1376 2421 remigeS,
1440 2346 1798 2421 coeperunt.
1893 2339 2067 2402 cuius
2126 2337 2524 2420 pestilentiae
2562 2350 2592 2396 3

94 2439 141 2485 25
170 2431 321 2488 metu
379 2425 648 2509 profecti
712 2445 853 2489 cum
923 2426 1550 2508 praeterveherentur
1617 2424 2063 2508 Pamphylium
2133 2425 2373 2503 sinum,
2442 2422 2524 2486 ad

170 2506 687 2592 Eurymedontem
733 2531 983 2576 amnem
1030 2511 1297 2594 appulsa
1351 2512 1551 2574 classe
1596 2510 1861 2573 audiunt
1919 2511 1998 2574 ab
2046 2510 2383 2593 Aspendiis
2442 2508 2524 2572 ad

172 2593 368 2661 Sidam
412 2598 630 2662 hostes
676 2617 832 2663 esse.
923 2597 1163 2661 tardius
1208 2598 1668 2680 navigaverant
1714 2598 1871 2680 regii
1917 2597 2183 2661 adverso
2244 2602 2524 2679 tempore
2562 2609 2595 2655 4

170 2679 527 2764 Etesiarum,
575 2684 743 2765 quod
786 2684 959 2749 velut
1021 2691 1249 2748 statum
1309 2684 1610 2748 Favoniis
1671 2685 1877 2748 ventis
1938 2690 2050 2749 est.
2142 2681 2524 2747 Rhodiorum

170 2765 315 2835 duae
360 2778 422 2835 et
469 2771 727 2854 triginta
773 2770 1198 2852 quadriremes
1259 2777 1319 2834 et
1381 2777 1673 2851 quattuor
1732 2772 2015 2835 triremes
2076 2770 2283 2852 fuere3
2351 2769 2527 2851 regia
2565 2781 2595 2828 5

94 2869 142 2917 30
172 2853 370 2922 classis
416 2864 661 2941 septem
709 2863 771 2921 et
815 2857 1072 2940 triginta
1117 2856 1369 2921 maioris
1414 2856 1654 2921 formae
1700 2858 1956 2921 navium
1990 2863 2154 2939 erat3
2202 2856 2268 2919 in
2301 2855 2526 2936 quibus

354 3050 403 3101 4.
442 3046 679 3100 marcius
717 3045 965 3099 aemilius
1000 3046 1062 3099 B.
1097 3050 1105 3111 Ι
1136 3050 1183 3103 8.
1224 3046 1471 3100 eudanus
1508 3046 1569 3099 B.
1603 3049 1611 3111 Ι
1647 3050 1727 3101 10.
1764 3050 2027 3112 quattuor
2054 3065 2155 3101 om.
2181 3045 2243 3097 B.
2277 3046 2283 3110 Ι
2320 3048 2398 3098 12.
2437 3043 2527 3096 de-

168 3127 280 3184 dala
313 3134 374 3187 B.
407 3137 414 3199 Ι
447 3134 689 3186 Peraeae
728 3136 839 3189 Iac.
866 3135 1197 3197 Gronovius5
1228 3150 1268 3203 p
1304 3149 1370 3187 ea
1406 3134 1493 3200 (B)
1528 3136 1607 3187 vel
1642 3148 1810 3200 perca
1845 3135 1924 3188 vel
1959 3147 2150 3200 perrea
2188 3134 2320 3200 cod„
2354 3147 2528 3199 parua

168 3217 236 3268 ed.
261 3227 349 3273 vet.
382 3223 390 3286 Ι
426 3223 507 3275 14.
545 3234 642 3273 sex
680 3221 794 3276 cod.
821 3237 924 3275 rec.
947 3227 995 3274 et
1019 3221 1097 3274 ed.
1123 3227 1247 3283 vet.;
1283 3225 1395 3273 tres
1421 3219 1550 3287 ΒΜ,
1589 3223 1658 3288 cf.
1685 3221 2072 3274 Drakenborch
2107 3220 2236 3272 adn.
2270 3222 2278 3281 Ι
2314 3221 2392 3273 16.
2418 3219 2528 3285 que

169 3304 264 3367 qu‘e‘
304 3312 597 3375 megysten
637 3306 700 3359 B.
733 3308 742 3373 Ι
777 3309 855 3361 17.
894 3311 979 3358 est
1023 3306 1129 3359 sibi
1175 3305 1390 3360 hostem
1435 3306 1498 3358 B.
1532 3309 1539 3372 1
1571 3309 1653 3361 21.
1701 3306 1757 3358 in
1801 3305 1967 3360 obvio
2003 3306 2067 3374 B,
2110 3306 2290 3359 Gelen.
2323 3306 2527 3373 (MS?)3

169 3389 304 3445 obuii
328 3395 442 3449 cod.
463 3411 562 3448 rec.
582 3400 631 3447 et
655 3395 733 3447 ed.
754 3395 1039 3462 antiquiss.
1073 3395 1081 3460 Ι
1113 3396 1195 3448 22.
1232 3393 1585 3461 providerant
1609 3394 1855 3461 Madviy.
1889 3396 1896 3457 Ι
1929 3395 2011 3448 25.
2048 3392 2404 3460 pamphiliam
2429 3393 2491 3447 B.
2519 3395 2523 3462 Ι

170 3477 240 3530 26.
258 3478 325 3531 ab
348 3478 650 3547 Aspendiis
676 3478 801 3546 M(S
813 3479 875 3547 ⁴2),
902 3481 1033 3535 Lov.
1047 3486 1097 3545 3,
1123 3482 1201 3534 ed.
1228 3482 1361 3534 Par.
1388 3485 1543 3548 1510,
1582 3482 1660 3535 ed.
1687 3482 2039 3547 Basil.1535;
2075 3479 2147 3532 ad
2171 3479 2447 3548 aspendiis
2465 3480 2527 3547 B,

170 3562 286 3618 Lov.
304 3571 338 3618 2
361 3574 409 3620 et
433 3568 511 3621 ed.
527 3568 810 3634 antiquiss.
838 3566 843 3634 Ι
868 3565 940 3619 ad
966 3565 1152 3620 Sidam
1173 3566 1226 3619 M
1253 3573 1377 3621 teste
1396 3567 1590 3623 Modio
1604 3590 1621 3630 ;
1657 3566 1728 3619 ad
1755 3565 1940 3619 Sidam
1965 3567 2072 3619 iam
2087 3586 2286 3630 „manu
2303 3569 2523 3636 scripti“

173 3648 352 3719 Gelen„
382 3654 461 3706 ed.
494 3654 671 3707 Basil.
701 3657 853 3714 1535,
890 3654 997 3705 iam
1042 3656 1133 3708 rel.
1171 3655 1285 3709 cod.
1315 3652 1400 3718 (B)
1431 3660 1482 3706 et
1509 3655 1588 3707 ed.
1603 3656 1797 3722 prior„
1822 3656 1888 3720 cf.
1912 3656 2108 3721 ephem.
2138 3654 2323 3707 Austr.
2347 3653 2522 3722 1892!

170 3735 239 3787 27.
250 3734 421 3792 hostis
441 3739 501 3792 B.
529 3739 535 3809 Ι
560 3739 670 3792 isse
692 3741 1025 3795 Perizonius.
1054 3740 1060 3809 Ι
1085 3743 1166 3795 28.
1180 3738 1397 3793 fanonis
1408 3740 1471 3792 B.
1497 3739 1502 3808 Ι
1528 3746 1614 3793 est
1627 3740 1697 3806 B,
1718 3740 1989 3793 essetMet
2007 3742 2088 3794 sic
2105 3742 2187 3794 vel
2206 3744 2393 3793 essent
2410 3741 2525 3795 cod.

170 3822 276 3891 real
299 3827 378 3880 29.
392 3831 448 3878 et
465 3826 819 3894 quattuorM3
841 3846 956 3877 .1111.
970 3829 1082 3882 cod.
1088 3830 1332 3897 plerique
1342 3826 1440 3893 (B).
1461 3827 1466 3894 Ι
1484 3830 1566 3881 30.
1579 3827 1799 3879 maioris
1820 3825 1989 3879 ferme
2008 3826 2233 3879 nauium
2254 3831 2409 3879 erant
2428 3825 2488 3878 Β.
2515 3825 2521 3894 Ι
