2925 4278
394 92 475 154 70
930 110 1154 163 LIBER
1189 112 1492 166 XXXVII.
1528 111 1693 165 o-AP.
1724 115 1803 169 18.
1845 112 1918 179 [a.
1945 112 2009 166 U.
2036 127 2081 164 ο.
2108 113 2244 180 564].

2865 214 2870 253 Ι

318 301 348 347 2
388 285 499 348 tim
548 284 732 349 sociis
792 285 1054 350 ferendo
1116 308 1320 370 opem,
1379 287 1630 370 partim,
1693 308 1850 368 quos
1909 287 1975 350 in
2038 287 2401 351 societatem
2460 288 2765 371 perlicere

389 392 515 436 non
561 377 826 454 poterat,
875 372 1354 456 depopulandis,
1400 375 1666 438 transire
1710 375 1776 438 in
1823 373 1983 438 fines
2021 374 2202 457 regni
2245 373 2566 455 Eumenis,
2618 374 2764 438 dum

389 459 444 523 is
486 459 700 542 procul
753 459 834 522 ab
898 458 1082 524 domo
1146 480 1286 524 cum
1349 462 1651 526 Romanis
1713 467 1774 525 et
1833 459 2096 524 Rhodiis
2158 460 2395 543 Lyciae
2451 461 2768 524 maritima
2873 536 2878 547 ‚

322 560 352 606 3
390 553 804 629 oppugnaret,
867 547 1102 610 statuit.
1180 547 1264 611 ad
1322 548 1581 611 Elaeam
1643 548 1843 630 primo
1903 547 2151 611 infestis
2210 547 2408 628 signis
2463 549 2766 629 accessit3

388 630 618 695 deinde
687 632 918 697 omissa
973 635 1445 716 oppugnatione
1500 635 1673 698 urbis
1734 654 1920 718 agros
1974 632 2282 699 hostiliter
2349 632 2769 717 depopulatus
2828 602 2880 689 5l

323 734 354 779 4
390 717 474 782 ad
520 724 708 801 caput
752 738 1090 801 arcemque
1134 721 1313 804 regni
1358 723 1738 802 Pergamum
1784 719 1958 784 ducit
2002 720 2514 804 oppugnandam.
2595 722 2768 784 Atta-
2877 716 2878 729 ¹

389 807 486 869 lus
530 806 732 888 primo
779 806 1153 871 stationibus
1198 814 1347 872 ante
1380 808 1598 872 urbem
1628 807 1848 891 positis
1881 813 1943 870 et
1975 807 2451 871 excursionibus
2484 808 2768 888 equitum

389 892 672 972 levisque
731 899 1085 958 armaturae
1144 895 1345 978 magis
1413 895 1766 958 lacessebat
1826 913 2014 975 quam
2076 893 2427 958 sustinebat
2483 892 2768 977 hostem3

323 995 353 1039 5
391 983 705 1061 postremo
753 999 892 1043 cum
938 1001 1052 1063 per
1094 980 1262 1045 levia
1307 981 1654 1045 certamina
1713 987 2011 1064 expertus
2074 980 2245 1044 nulla
2305 988 2485 1064 parte
2540 981 2771 1044 virium

393 1085 459 1129 se
505 1085 719 1147 parem
766 1085 904 1130 esse
948 1067 1115 1130 intra
1158 1068 1408 1132 moenia
1453 1087 1523 1131 se
1567 1067 1929 1151 recepisset,
1993 1066 2269 1131 obsideri
2331 1068 2481 1131 urbs
2542 1074 2770 1151 coepta
2803 1066 2851 1123 10

327 1166 356 1211 6
396 1158 506 1215 est.
602 1151 824 1216 eodem
869 1151 1066 1217 ferme
1112 1160 1391 1237 tempore
1449 1160 1511 1218 et
1557 1153 1904 1219 Antiochus
1963 1154 2044 1217 ab
2106 1155 2391 1237 Apamea
2449 1154 2772 1237 profectus

395 1237 696 1304 Sardibus
739 1239 1029 1322 primum,
1078 1239 1308 1304 deinde
1353 1239 1524 1304 haud
1568 1241 1784 1325 procul
1844 1240 2090 1305 Seleuci
2153 1240 2378 1304 castris
2434 1239 2518 1303 ad
2580 1250 2772 1324 caput

396 1325 568 1389 Caici
613 1326 819 1390 amnis
865 1327 1095 1391 stativa
1139 1327 1360 1391 habuit
1406 1348 1548 1391 cum
1594 1347 1828 1411 magno
1875 1328 2157 1392 exercitu
2201 1327 2401 1391 mixto
2446 1327 2640 1391 variis
2690 1347 2771 1391 ex

327 1426 354 1472 7
395 1412 706 1493 gentibus,
800 1413 1131 1496 plurimum
1205 1415 1458 1479 terroris
1532 1414 1598 1477 in
1673 1414 1992 1478 Gallorum
2074 1413 2367 1477 mercede
2441 1413 2775 1480 conductis

396 1504 687 1578 quattuor
729 1500 981 1564 milibus
1027 1507 1177 1565 erat.
1270 1500 1385 1566 hos
1429 1501 1650 1584 paucis
1696 1499 1880 1584 Syris
1926 1499 2227 1564 admixtis
2271 1499 2355 1563 ad
2401 1508 2771 1584 pervastan-
2811 1510 2858 1556 15

325 1598 357 1645 8
396 1582 543 1647 dum
611 1585 844 1667 passim
911 1587 1372 1670 Pergamenum
1438 1608 1659 1671 agrum
1725 1585 1993 1674 [milites]
2060 1587 2284 1650 emisit.
2378 1606 2539 1668 quae
2607 1595 2774 1671 post-

398 1691 584 1751 quam
629 1671 884 1736 Samum
931 1673 1218 1736 nuntiata
1262 1680 1427 1753 sunt,
1473 1675 1675 1758 primo
1720 1674 2035 1737 Eumenes
2079 1679 2381 1737 avocatus
2427 1672 2775 1738 domestico

397 1756 560 1820 bello
607 1778 745 1821 cum
793 1759 992 1823 classe
1037 1759 1292 1822 Elaeam
1324 1760 1514 1844 petit3
1561 1760 1729 1839 inde,
1763 1781 1903 1823 cum
1935 1768 2186 1843 praesto
2219 1759 2486 1824 fuissent
2527 1761 2775 1841 equites

395 1843 804 1926 peditumque
866 1846 1166 1929 expediti,
1235 1846 1550 1930 praesidio
1612 1866 1826 1911 eorum
1886 1853 2076 1926 tutus,
2123 1847 2488 1930 priusquam
2556 1846 2776 1911 hostes

326 1943 358 1990 9
398 1930 701 1994 sentirent
744 1938 853 1995 aut
897 1940 1313 2012 moverentur,
1360 1935 1734 2016 Pergamum
1781 1932 2120 1997 contendit.
2211 1933 2300 1998 ibi
2346 1952 2558 1997 rursus
2605 1934 2776 1998 levia
2807 1942 2858 1988 '20

396 2036 509 2100 per
553 2018 955 2083 excursiones
1000 2019 1239 2102 proelia
1283 2019 1418 2083 fieri
1467 2025 1705 2103 coepta,
1751 2020 2033 2084 Eumene
2080 2040 2361 2084 summae
2413 2021 2504 2084 rei
2558 2018 2774 2084 discri-

396 2121 541 2167 men
587 2102 757 2167 haud
802 2103 992 2170 dubie
1037 2105 1447 2172 detractante.
1539 2126 1774 2191 paucos
1818 2113 1959 2191 post
2007 2106 2141 2172 dies
2186 2108 2473 2171 Romana
2501 2106 2769 2172 Rhodia-

606 2283 649 2333 1.
691 2278 869 2332 socios
905 2278 966 2332 B.
1000 2281 1008 2344 Ι
1039 2282 1087 2334 2.
1124 2279 1180 2331 in
1217 2297 1317 2334 om.
1343 2279 1404 2332 B.
1437 2281 1446 2345 Ι
1478 2283 1526 2334 3.
1564 2279 1610 2332 is
1647 2298 1747 2335 om.
1776 2280 1821 2331 B
1858 2287 1906 2333 et
1941 2285 1975 2333 3
2010 2280 2125 2334 eod.
2151 2297 2249 2334 rec.
2274 2282 2429 2346 (Lov.
2454 2281 2529 2345 2).
2563 2282 2571 2343 Ι
2604 2284 2655 2334 4.
2684 2296 2770 2347 op·

395 2381 644 2433 pugnare
687 2364 758 2432 M,
804 2366 936 2420 Lov.
972 2371 1023 2431 3,
1069 2370 1356 2433 oppugnat
1399 2368 1787 2421 Drakenborch
1830 2368 1892 2420 in
1938 2367 2063 2420 adn.
2099 2366 2108 2431 Ι
2140 2365 2316 2418 eleam
2371 2365 2431 2418 B.
2465 2367 2472 2431 Ι
2506 2369 2555 2420 6.
2605 2382 2769 2434 oppu-

396 2452 671 2520 gnandam
695 2452 742 2505 B
767 2460 816 2506 et
850 2471 948 2507 rec.
976 2453 1132 2519 (Lov.
1151 2454 1236 2516 2),·
1270 2452 1695 2521 oppugnandum
1722 2453 1790 2521 M,
1822 2458 1857 2506 3
1882 2471 1979 2507 rec.
2008 2454 2211 2519 (Voss.)
2247 2459 2296 2506 et
2331 2454 2410 2507 ed.
2439 2455 2731 2521 antiquiss.
2760 2453 2766 2521 Ι

398 2542 443 2592 7.
472 2538 884 2592 excursionibus
922 2538 993 2607 M,
1038 2542 1244 2606 Aldus;
1280 2538 1601 2592 excursione
1647 2539 1709 2605 B,
1739 2542 1912 2607 pauci
1936 2558 2034 2594 rec.
2062 2547 2110 2593 et
2147 2541 2224 2594 ed.
2253 2541 2557 2608 antiquiss„
2586 2555 2772 2593 excur-

397 2625 608 2678 satione
644 2627 756 2679 cod.
792 2643 890 2680 ree.
907 2628 1153 2694 plerique
1190 2628 1388 2692 (Voss,
1415 2628 1631 2692 Lov.2).
1675 2629 1681 2690 Ι
1723 2626 1914 2694 equitfi
1942 2626 1989 2678 &
2017 2625 2158 2678 leuis
2193 2625 2254 2678 B.
2289 2629 2297 2692 Ι
2333 2630 2410 2680 11.
2449 2624 2621 2679 ferme
2642 2632 2772 2679 tem·

393 2727 525 2779 pore
550 2713 629 2765 ed.
650 2719 762 2780 vet„
786 2719 847 2766 ut
870 2714 1095 2780 videtum,
1122 2731 1327 2779 omnes,·
1362 2717 1607 2780 tempore
1639 2711 1808 2765 ferme
1843 2714 1957 2768 eod.
1975 2715 2220 2781 plerique
2236 2712 2317 2780 (B,
2331 2714 2494 2780 Voss,
2515 2714 2740 2778 Lov.2).
2763 2713 2770 2782 Ι

399 2801 477 2853 14.
504 2797 559 2850 in
585 2799 675 2851 M?
696 2797 771 2852 S‘?
807 2801 1075 2867 („sineera
1102 2800 1286 2855 lectio“
1321 2801 1546 2867 Gelon),
1570 2801 1650 2853 ed.
1678 2802 1852 2854 Basil.
1880 2804 2017 2853 1535
2026 2820 2045 2866 ;
2089 2818 2188 2854 om.
2216 2802 2305 2853 rel.
2334 2801 2445 2855 cod.
2473 2798 2560 2866 (B)
2599 2808 2649 2855 et
2696 2803 2773 2855 ed.

395 2888 679 2954 antiquiss.
713 2890 720 2950 Ι
755 2889 835 2940 15.
861 2890 979 2940 erat
1003 2905 1103 2940 om.
1131 2885 1190 2940 B.
1224 2888 1231 2953 Ι
1263 2886 1453 2954 paucis
1481 2885 1633 2954 Syris
1670 2885 1927 2939 admixtis
1953 2889 2225 2955 temptavi,
2263 2889 2328 2954 cf.
2357 2889 2553 2955 ephem.
2583 2889 2775 2942 Austr.

395 2977 563 3038 18925
613 2971 804 3040 paucis
859 2971 1114 3025 admixtis
1162 2974 1272 3027 cod.
1320 2974 1528 3039 V033..9,
1584 2973 1663 3025 ecl.
1700 2979 1795 3026 vet.
1832 2990 1965 3041 quas
2018 2974 2133 3027 vidi
2186 2991 2382 3040 omnes,
2434 2973 2628 3039 paucis
2683 2974 2776 3027 ad-

395 3059 593 3111 mixtos
631 3061 745 3113 cod.
763 3061 1008 3128 plerique
1032 3059 1132 3127 (B),
1153 3059 1342 3126 paucis
1380 3080 1406 3106 *
1446 3057 1703 3112 admixtis
1738 3061 1816 3113 M.
1844 3061 2087 3127 Mueller,
2111 3059 2284 3112 Dahis
2320 3059 2577 3112 admixtis
2615 3063 2776 3115 dubi-

394 3153 570 3200 tanter
603 3148 975 3201 Weissenborn
1010 3147 1088 3200 ed.
1120 3148 1341 3202 Weidm.
1361 3164 1419 3215 p.
1441 3151 1546 3199 188
1569 3148 1696 3200 adn.
1731 3147 1738 3213 Ι
1773 3149 1853 3201 16.
1879 3146 2080 3200 milites
2118 3148 2215 3201 del.
2249 3147 2514 3202 Gelenius.
2549 3149 2556 3213 Ι
2591 3149 2779 3201 emisit

395 3234 507 3287 cod.
536 3235 782 3302 plerique
826 3233 910 3301 (B,
947 3234 1114 3299 Voss.‚
1158 3234 1292 3287 Lov.
1321 3237 1402 3300 2)3
1447 3232 1594 3285 misit
1637 3238 1674 3286 2
1717 3235 1829 3287 cod.
1868 3251 1965 3287 rec.
2003 3240 2051 3287 et
2096 3235 2175 3287 ed.
2211 3239 2303 3287 vet.
2339 3235 2345 3301 Ι
2392 3237 2471 3287 17.
2515 3234 2780 3288 nuntiata

394 3324 522 3372 sunt
556 3319 628 3385 B3
665 3325 792 3372 sunt
827 3319 1078 3372 nuntiat-a
1115 3320 1227 3375 cod.
1253 3337 1352 3373 rec.
1380 3327 1429 3373 et
1465 3321 1543 3373 ed.
1569 3327 1665 3374 vet.
1698 3322 1706 3384 Ι
1741 3323 1820 3375 18.
1859 3319 2033 3373 eleam
2068 3320 2129 3373 B.
2163 3325 2171 3386 Ι
2203 3335 2327 3372 cum
2372 3325 2595 3388 praesto
2641 3321 2776 3375 fuis-

394 3411 518 3460 sent
541 3406 612 3474 M,
637 3408 842 3472 Aldus;
878 3421 1002 3459 cum
1039 3405 1318 3473 profectus
1357 3406 1550 3459 fuisset
1588 3409 1698 3462 cod.
1719 3409 1965 3476 plerique
1988 3408 2073 3474 (B)
2110 3414 2158 3461 et
2192 3408 2269 3461 ed.
2290 3409 2482 3475 prior„
2519 3407 2777 3474 profecto

394 3509 516 3546 cum
561 3498 780 3560 praesto
824 3492 1059 3546 fuissent
1103 3496 1238 3548 coni.
1270 3495 1644 3548 lVeissenborn
1688 3496 1767 3548 ed.
1807 3496 2002 3548 Teubn.
2030 3498 2210 3562 praef.
2237 3512 2297 3562 p.
2334 3495 2470 3547 XX.
2507 3495 2515 3560 Ι
2557 3495 2774 3563 equites

394 3579 522 3647 ΒΜ,
549 3581 726 3634 Aldus
736 3600 754 3646 ,·
789 3580 1033 3647 equitum
1069 3581 1181 3635 eod.
1210 3598 1306 3634 rec.
1335 3586 1383 3633 et
1418 3581 1498 3634 ecl.
1518 3582 1692 3648 prior.
1726 3584 1734 3646 Ι
1771 3584 1849 3635 19.
1889 3579 2127 3647 expediti
2153 3580 2224 3646 M,
2253 3582 2461 3644 Aldus‚·
2497 3581 2773 3648 expeditis

392 3669 485 3721 rel.
514 3668 627 3722 cod.
653 3665 738 3732 (B)
777 3673 825 3720 et
866 3668 944 3721 ed.
963 3669 1138 3735 prior.
1172 3667 1178 3731 Ι
1211 3669 1292 3721 20.
1332 3671 1616 3719 moverent
1662 3670 1797 3723 coni.
1831 3668 2090 3721 Roe'llius.
2124 3669 2132 3733 Ι
2163 3665 2241 3718 ibi
2285 3681 2477 3719 rursus
2524 3670 2640 3723 cod.
2668 3686 2769 3722 rec.

394 3759 443 3807 et
479 3754 557 3806 ed.
578 3759 671 3807 vet.
682 3772 701 3819 ;
736 3751 831 3804 ubi
865 3752 927 3805 B.
962 3752 969 3818 Ι
1001 3756 1081 3807 21.
1124 3768 1333 3805 summa
1370 3753 1447 3805 rei
1484 3753 1545 3805 B.
1579 3753 1586 3820 Ι
1619 3756 1701 3807 22.
1740 3752 2083 3807 detractante
2120 3754 2232 3809 cod.
2259 3769 2386 3819 rec.;
2425 3751 2771 3807 detrectante
