2925 4278
157 695 190 742 5

127 1128 194 1175 10

131 1560 194 1606 15

130 1990 197 2038 20

129 2424 196 2471 25

736 158 960 211 LIBER
996 158 1263 214 XXXVI.
1293 159 1468 213 ..CAR
1494 163 1577 216 33.
1604 163 1686 215 34.
1729 160 1797 227 [a.
1824 160 1891 215 U.
1918 176 1963 213 c.
1990 161 2132 229 563}
2418 204 2424 210 .
2546 143 2624 207 37

224 352 300 397 se
346 333 430 397 ab
486 331 820 413 Antiocho,
883 353 1062 417 spem
1123 334 1362 398 nullam
1422 335 1490 397 in
1548 334 1791 399 Aetolis
1861 354 1999 399 esse
2069 341 2418 417 cernerent,
2491 335 2628 401 dies

229 424 582 500 noctesque
633 426 742 483 aut
786 418 1065 503 Philippi
1127 420 1326 485 hostis
1385 421 1734 484 adventum
1794 428 1904 485 aut
1962 420 2351 486 infestiorem
2414 422 2626 501 etiam,

229 525 359 586 quo
404 504 632 569 iustius
678 505 822 570 irati
868 512 1067 587 erant,
1115 508 1543 571 Romanorum
1591 507 2038 590 expectabant.
2132 509 2318 572 turba
2363 516 2499 572 erat
2538 509 2628 572 ibi
2665 528 2697 573 4

235 590 568 656 incondita
610 592 948 674 regiorum,
995 593 1103 674 qui
1149 593 1348 677 primo
1396 594 1584 677 pauci
1630 593 1696 657 in
1758 593 2074 677 praesidio
2121 594 2344 674 relicti,
2406 601 2628 679 postea

232 677 465 759 plures,
528 678 813 761 plerique
873 679 1168 760 inermes,
1233 699 1314 744 ex
1376 680 1613 762 proelio
1674 679 1944 745 adverso
2011 680 2166 762 fuga
2226 680 2458 767 delati,⁸
2508 702 2628 746 nec

232 763 463 827 virium
508 784 628 829 nec
671 765 867 829 animi
914 766 1068 830 satis
1112 765 1197 830 ad
1243 766 1639 831 obsidionem
1673 765 2066 832 tolerandam
2097 765 2438 832 habebant.
2518 768 2628 831 ita·
2668 788 2696 831 5

233 870 359 931 que
404 851 770 934 praemissis
815 872 856 915 a
900 851 1215 934 Philippo,
1265 852 1371 933 qui
1419 873 1599 937 spem
1631 853 2048 936 impetrabilis
2079 854 2308 918 veniae
2341 852 2627 918 ostende-

232 936 409 1018 bant,
457 934 917 1020 responderunt
962 944 1179 1022 patere
1225 945 1438 1023 portas
1485 938 1638 1021 regi.
1732 938 1816 1003 ad
1861 939 2134 1023 primum
2195 941 2330 1004 eius
2392 940 2628 1023 ingres·
2667 958 2697 1004 6

234 1042 374 1087 sum
443 1023 801 1107 principum
863 1023 1122 1105 quidam
1182 1027 1338 1090 urbe
1407 1032 1836 1105 excesserunt,
1901 1025 2297 1107 Eurylochus
2366 1033 2629 1090 mortem

235 1109 358 1174 sibi
406 1110 730 1174 conscivit.
824 1110 1119 1174 Antiochi
1166 1111 1400 1176 milites
1444 1149 1530 1156 —
1577 1111 1668 1175 sic
1715 1112 1884 1175 enim
1930 1113 2100 1196 pacti
2148 1120 2329 1177 erant
2375 1152 2450 1158 —
2518 1132 2631 1196 per

231 1196 674 1261 Macedoniam
718 1196 1223 1278 Thraeciamque
1268 1198 1795 1282 prosequentibus
1839 1197 2312 1278 Macedonibus,
2362 1218 2442 1262 ne
2490 1200 2631 1280 quis

234 1301 345 1347 eos
390 1283 676 1363 violaret,
724 1282 1196 1365 Lysimachiam
1244 1282 1501 1347 deducti
1548 1291 1709 1347 sunt.
1804 1290 1983 1347 erant
2029 1290 2092 1349 et
2137 1304 2379 1368 paucae
2433 1305 2631 1349 naves
2672 1288 2699 1333 7

233 1368 661 1450 Demetriade,
706 1369 936 1450 quibus
966 1376 1257 1452 praeerat
1302 1369 1615 1453 Isidorus3
1665 1390 1778 1434 eae
1825 1390 2073 1452 quoque
2120 1389 2262 1434 cum
2308 1370 2630 1455 praefecto

234 1474 348 1520 suo
394 1455 694 1520 dimissae
741 1462 904 1520 sunt.
997 1455 1146 1519 inde
1192 1457 1529 1540 Dolopiam
1577 1462 1640 1521 et
1670 1457 2082 1540 Aperantiam
2115 1463 2179 1522 et
2209 1456 2629 1522 Perrhaebiae

237 1541 549 1623 quasdam
598 1541 887 1606 civitates
934 1542 1173 1625 recipit.

444 1629 747 1692 XXXIV.
796 1630 964 1692 Dum
1012 1627 1172 1692 haec
1216 1649 1255 1692 a
1301 1628 1596 1714 Philippo
1652 1635 1978 1711 geruntur,
2039 1630 2111 1693 T.
2149 1628 2483 1705 Quinctius
2542 1649 2630 1693 re·
2672 1634 2696 1678 1

234 1720 423 1798 cepta
466 1713 800 1797 Zacyntho
860 1715 943 1778 ab
1005 1714 1283 1779 Achaico
1345 1716 1611 1780 concilio
1674 1716 2076 1799 Naupactum
2139 1716 2404 1795 traiecit,
2468 1735 2631 1797 quae

234 1801 361 1865 iam
407 1821 521 1884 per
566 1801 725 1866 duos
770 1821 1023 1865 menses
1068 1838 1153 1847 —
1200 1808 1261 1865 et
1305 1802 1433 1865 iam
1480 1821 1674 1886 prope
1736 1800 2054 1865 excidium
2117 1809 2250 1865 erat
2311 1840 2396 1847 —
2442 1822 2632 1886 oppu-
2669 1806 2698 1852 2

233 1888 570 1970 gnabatur,
620 1895 682 1950 et
727 1888 780 1952 si
827 1893 1013 1972 capta
1058 1887 1122 1951 vi
1186 1886 1367 1968 foret,
1431 1908 1619 1952 omne
1679 1907 1908 1951 nomen
1971 1887 2061 1950 ibi
2123 1888 2485 1952 Aetolorum
2548 1887 2632 1950 ad

235 1973 734 2038 internecionem
794 1972 1132 2037 videbatur
1191 1981 1545 2038 venturum.
1640 1982 1918 2038 ceterum
1980 1993 2362 2055 quamquam
2409 1974 2630 2037 merito
2670 1979 2699 2024 3

235 2059 435 2124 iratus
483 2066 618 2124 erat
662 2061 922 2142 Aetolis,
973 2059 1139 2142 quod
1188 2061 1352 2125 solos
1398 2061 1787 2124 obtrectasse
1833 2060 2071 2144 gloriae
2104 2080 2275 2142 suae,
2310 2080 2451 2124 cum
2484 2060 2632 2123 libe-

235 2152 405 2211 raret
453 2147 806 2227 Graeciam,
853 2148 1245 2228 meminerat,
1294 2155 1356 2213 et
1402 2147 1562 2212 nihil
1607 2148 1981 2212 auctoritate
2037 2167 2152 2211 sua
2206 2156 2408 2212 motos
2472 2167 2631 2227 esse,

236 2253 401 2314 cum,
451 2253 614 2315 quae
659 2239 791 2297 tum
839 2233 1118 2298 maxime
1163 2233 1559 2314 accidebant,
1609 2254 1832 2298 casura
1876 2253 2296 2318 praemonens
2327 2255 2366 2297 a
2397 2233 2631 2297 furioso

234 2319 493 2404 incepto
540 2340 647 2385 eos
693 2319 1055 2399 deterreret,
1119 2324 1333 2384 tamen
1395 2320 1491 2384 sui
1555 2321 1833 2384 maxime
1895 2320 2103 2402 operis
2166 2340 2304 2385 esse
2367 2319 2631 2383 credens
2669 2327 2701 2371 4

237 2407 480 2471 nullam
503 2413 762 2490 gentem
787 2406 1092 2471 liberatae
1116 2406 1199 2469 ab
1226 2425 1295 2470 se
1313 2407 1619 2471 Graeciae
1650 2406 1936 2470 funditus
1968 2406 2187 2487 everti,
2222 2405 2632 2470 obambulare

450 2583 498 2634 2.
543 2577 889 2632 infestiorum
935 2580 1072 2634 coni.
1111 2580 1223 2632 Iao.
1266 2579 1589 2634 Gronovius,
1624 2581 1631 2644 Ι
1664 2581 1712 2632 3.
1752 2576 2124 2645 expectabant
2159 2578 2237 2631 ed.
2267 2579 2441 2631 Basil.
2471 2580 2606 2631 1531
2618 2597 2636 2643 ,-

237 2671 601 2735 expectarent
641 2668 753 2722 cod.
799 2665 885 2732 (B)
927 2673 977 2720 et
1025 2667 1102 2719 ed.
1143 2672 1236 2719 vet.
1273 2667 1281 2731 Ι
1312 2665 1477 2718 turba
1526 2669 1645 2717 erat
1688 2663 1766 2718 ibi
1811 2664 2090 2717 incondita
2135 2666 2213 2719 ed.
2254 2666 2431 2718 Basil.
2471 2667 2635 2728 1535;

235 2756 439 2811 turbae
495 2757 651 2807 erant
705 2752 784 2806 ibi
838 2752 1092 2806 conditae
1137 2752 1200 2819 B,
1257 2751 1454 2804 turbae
1510 2756 1669 2804 erant
1720 2751 1798 2804 ibi
1842 2751 2154 2804 inconditae
2208 2753 2286 2807 ed.
2332 2741 2634 2818 antiquiss„

236 2842 441 2897 turbae
490 2840 657 2894 etiam
692 2840 768 2895 ibi
807 2839 1062 2894 conditae
1100 2841 1234 2894 Lov.
1259 2843 1311 2907 2,
1358 2837 1524 2891 turba
1571 2852 1665 2891 era
1702 2843 1889 2891 essent
1924 2837 2001 2891 ibi
2048 2837 2267 2891 condite
2306 2839 2418 2893 eod.
2451 2837 2631 2905 Voss!

240 2935 289 2986 5.
338 2930 577 2985 adverso
626 2929 696 2996 M,
742 2930 924 2983 Aldus
937 2948 956 2995 ;
1009 2926 1246 2980 aduersa
1298 2928 1391 2981 rel.
1428 2928 1542 2981 cod.
1582 2925 1669 2993 (B)
1714 2932 1762 2980 et
1807 2927 1885 2979 ed.
1924 2927 2210 2993 antiquiss.
2253 2926 2261 2990 Ι
2302 2928 2350 2978 7.
2400 2924 2492 2991 (1111
2541 2943 2635 2979 un.

242 3019 357 3074 cod.
392 3034 493 3072 rec.
531 3016 737 3080 (Mead.
770 3016 827 3081 2)
881 3021 930 3068 et
983 3016 1060 3068 ed.
1106 3021 1200 3069 vet.
1238 3031 1374 3082 quas
1418 3014 1535 3068 vidi
1580 3030 1787 3079 omnes;
1840 3010 1971 3080 quia
2006 3013 2098 3066 rel.
2135 3013 2247 3066 cod.
2285 3011 2387 3079 (B).
2429 3013 2437 3076 1
2477 3011 2637 3078 uenie

241 3120 340 3159 eos
395 3102 702 3156 tendebant
745 3101 807 3153 B.
849 3103 856 3166 Ι
897 3104 946 3156 8.
1003 3099 1122 3167 regi
1167 3119 1267 3156 om.
1317 3100 1420 3165 Β.Ι
1461 3103 1510 3155 9.
1561 3098 1858 3167 eurylocus
1902 3098 1964 3151 B.
1998 3098 2007 3165 Ι
2041 3101 2120 3153 11.
2168 3097 2475 3164 thraecia‘q3
2520 3097 2582 3150 B.
2625 3099 2633 3166 Ι

247 3195 327 3246 14.
363 3189 589 3258 pelopia
623 3189 685 3242 B.
719 3189 728 3254 Ι
764 3191 842 3243 15.
881 3185 1077 3253 recipit
1110 3186 1174 3252 B,
1212 3188 1348 3242 Lov.
1376 3191 1436 3253 4,-
1480 3186 1689 3253 recepit
1730 3187 1823 3240 rel.
1860 3186 1973 3240 cod.
2012 3192 2061 3239 et
2096 3186 2171 3239 ed.
2208 3192 2301 3238 vet.
2337 3187 2345 3248 Ι
2380 3187 2459 3238 17.
2494 3198 2638 3250 quae

243 3292 342 3345 per
373 3276 517 3329 duos
561 3288 778 3328 menses
813 3274 1064 3344 Madviy,
1102 3274 1195 3327 sed
1243 3276 1310 3341 cf.
1356 3274 1437 3326 M.
1482 3273 1716 3327 Mueller
1761 3274 1793 3327 l.
1822 3273 1854 3326 l.
1890 3273 1898 3337 Ι
1932 3273 2012 3326 18.
2048 3270 2096 3323 81
2127 3270 2182 3323 ia
2218 3284 2385 3337 prope
2421 3270 2493 3337 B,
2539 3269 2638 3323 sed

245 3363 354 3416 iam
375 3375 548 3430 prope
585 3363 697 3417 cod.
728 3378 828 3416 rec.
856 3368 904 3415 et
940 3362 1020 3415 ed.
1046 3367 1161 3428 vet„
1199 3359 1297 3412 sed
1333 3374 1504 3426 prope
1533 3361 1611 3413 ed.
1649 3359 1780 3413 Par.
1808 3362 1949 3411 1510
1972 3358 1999 3422 (
2001 3359 2348 3420 „alterutrum
2375 3356 2484 3409 iam
2509 3359 2635 3424 fort.

247 3451 560 3505 delendum“
619 3449 941 3509 Weissenb.).
986 3449 993 3512 Ι
1038 3450 1118 3502 19.
1163 3451 1221 3500 et
1273 3446 1321 3499 si
1375 3447 1489 3501 cod.
1533 3463 1633 3501 rec.
1678 3453 1727 3500 et
1780 3446 1859 3499 ed.
1903 3451 1998 3499 vet.
2011 3464 2029 3510 ;
2082 3443 2161 3497 sic
2200 3444 2326 3511 (si‘e)
2367 3444 2429 3512 B,
2474 3444 2521 3497 si
2557 3445 2637 3498 ed.

247 3538 425 3592 Basil.
464 3539 614 3590 1535.
659 3537 667 3600 Ι
708 3549 868 3587 omne
910 3548 1106 3586 nomen
1149 3532 1226 3586 ibi
1263 3532 1342 3600 B,
1409 3546 1571 3585 omne
1612 3531 1690 3584 ibi
1727 3544 1926 3584 nomen
1969 3531 2082 3586 cod.
2126 3548 2226 3586 rec.
2271 3537 2320 3585 et
2374 3531 2452 3584 ed.
2495 3536 2591 3584 vet.
2628 3529 2635 3598 Ι

248 3625 327 3677 21.
375 3635 516 3690 quos
563 3620 712 3673 solos
757 3622 896 3676 coni.
931 3622 977 3674 I.
1015 3620 1081 3673 F.
1123 3620 1446 3674 Gronovius.
1491 3621 1499 3684 1
1538 3621 1622 3673 23.
1669 3632 1857 3684 cumq3
1903 3620 2021 3668 tum
2066 3616 2301 3670 maxime
2348 3617 2409 3670 B.
2452 3619 2459 3682 Ι
2500 3614 2637 3668 acci·

248 3706 456 3761 debant
490 3707 738 3775 Madviy,
778 3707 899 3760 Em.
928 3706 996 3759 L.
1015 3723 1073 3774 p.
1103 3709 1231 3770 526;
1276 3704 1556 3757 acciderat
1590 3704 1654 3771 B,
1701 3701 2016 3756 acciderant
2064 3704 2177 3757 cod.
2204 3721 2302 3758 ree.
2332 3710 2380 3757 et
2416 3704 2494 3756 ed.
2521 3706 2635 3763 vet„

250 3793 562 3848 acciderent
598 3795 771 3847 altera
805 3793 1061 3860 Madviyi
1099 3793 1420 3846 coniectura.
1454 3792 1462 3856 Ι
