2925 4278
254 611 318 656 14

257 783 318 828 15

360 140 438 202 18
846 156 1072 210 LIBER
1108 156 1377 211 XXXVI.
1416 157 1582 211 CAP.
1624 161 1704 213 14.
1734 161 1813 215 15.
1855 159 1922 227 [a.
1950 159 2015 213 U.
2042 174 2087 211 c.
2114 160 2253 227 563].

354 331 556 413 primo
618 331 808 411 misit,
875 331 981 412 qui
1044 351 1125 394 ex
1187 331 1539 413 propinquo
1598 331 2026 413 colloquentes
2091 331 2478 396 deterrerent
2540 353 2647 397 eos
2709 354 2752 397 a

356 417 467 480 tali
513 416 750 501 furore;
814 425 1150 500 postquam
1197 436 1607 500 perseverare
1653 418 1717 480 in
1765 419 2019 501 incepto
2063 417 2242 498 vidit,
2305 419 2557 484 tribuno
2606 440 2751 484 cum

356 502 620 567 duorum
690 505 1011 588 signorum
1078 503 1381 568 militibus
1450 503 1880 569 circummisso
1952 505 2303 569 interclusit
2372 504 2459 568 ad
2525 506 2750 570 urbem

356 590 476 653 iter
521 591 800 669 armatis,
849 610 1241 670 vacuamque
1289 609 1429 653 eam
1478 590 1662 673 cepit.
1755 597 1887 653 tum
1935 593 2207 655 clamore
2255 592 2336 655 ab
2384 599 2561 675 tergo
2609 612 2753 676 cap-

355 683 461 740 tae
523 677 698 740 urbis
764 675 982 741 audito
1048 676 1499 758 refugientium
1567 677 1848 757 undique
1918 696 1999 740 ex
2067 677 2244 742 silvis
2310 677 2752 743 insidiatorum
2827 702 2856 745 5

358 762 588 827 caedes
633 762 806 851 facta
853 770 965 827 est.
1036 763 1119 826 ab
1163 763 1546 827 Thaumacis
1591 763 1788 827 altero
1836 762 1937 827 die
1985 764 2201 828 consul
2247 763 2330 827 ad
2361 764 2752 847 Spercheum

355 869 610 921 amnem
656 849 965 931 pervenit,
1012 848 1164 913 inde
1211 850 1691 932 Hypataeorum
1736 870 1925 932 agros
1968 850 2265 914 vastavit.

567 936 707 999 XV.
775 936 932 1000 Cum
988 935 1148 999 haec
1207 936 1582 1017 agebantur,
1644 935 1945 1000 Chalcide
2005 943 2140 1001 erat
2192 937 2562 1017 Antiochus,
2625 938 2752 1001 iam

238 1039 249 1050 ·
358 1028 494 1084 tum
550 1041 815 1085 cernens
874 1021 1032 1084 nihil
1093 1041 1162 1086 se
1224 1041 1305 1085 ex
1354 1021 1623 1085 Graecia
1681 1029 1931 1104 praeter
1990 1044 2260 1087 amoena
2308 1022 2608 1088 Chalcide
2663 1023 2754 1087 hi-

359 1107 558 1171 berna
590 1114 651 1171 et
696 1107 969 1171 infames
1013 1109 1268 1191 nuptias
1314 1108 1572 1191 petisse.
1645 1115 1794 1172 tunc
1824 1109 2187 1174 Aetolorum
2228 1130 2396 1173 vana
2440 1109 2754 1192 promissa
2793 1133 2862 1179 10

355 1194 646 1258 incusare
694 1201 756 1258 et
800 1193 1175 1274 Thoantem,
1223 1195 1651 1259 Hannibalem
1699 1215 1847 1259 vero
1902 1216 2027 1261 non
2075 1203 2144 1259 ut
2197 1194 2573 1279 prudentem
2620 1202 2752 1259 tan-

358 1288 490 1345 tum
536 1281 759 1361 virum,
808 1279 923 1344 sed
965 1300 1163 1363 prope
1194 1287 1409 1345 vatem
1441 1281 1741 1360 omnium,
1789 1301 1953 1362 quae
1997 1288 2130 1345 tum
2164 1282 2512 1361 evenirent,
2554 1281 2752 1345 admi-

356 1368 500 1431 rari.
572 1387 653 1430 ne
700 1373 913 1430 tamen
961 1373 1201 1432 temere
1234 1374 1460 1450 coepta
1507 1367 1782 1449 segnitia
1828 1368 2086 1450 insuper
2117 1374 2447 1447 everteret,
2495 1368 2753 1434 nuntios

357 1453 423 1516 in
470 1453 785 1517 Aetoliam
831 1453 1021 1533 misit,
1078 1459 1147 1516 ut
1193 1455 1365 1518 omni
1412 1460 1737 1518 contracta
1795 1454 2123 1517 iuventute
2179 1454 2592 1518 convenirent
2636 1455 2756 1518 La-

358 1539 580 1622 miam,
645 1546 707 1601 et
754 1539 891 1622 ipse
940 1559 1013 1603 eo
1060 1538 1281 1603 decem
1327 1539 1501 1602 milia
1547 1539 1680 1604 fere
1741 1539 2025 1623 peditum
2074 1560 2153 1604 ex
2201 1540 2296 1619 iis,
2361 1541 2464 1621 qui
2528 1548 2756 1624 postea
2800 1565 2863 1609 15

360 1632 667 1689 venerant
712 1646 794 1689 ex
826 1625 1001 1705 Asia,
1051 1626 1307 1708 expleta
1353 1633 1416 1690 et
1464 1626 1708 1707 equites
1755 1627 2132 1708 quingentos
2177 1625 2379 1690 duxit.
2445 1647 2566 1708 quo
2609 1647 2756 1691 cum

358 1712 680 1793 aliquanto
742 1711 1071 1794 pauciores
1127 1732 1318 1793 quam
1374 1732 1674 1793 umquam
1728 1719 1877 1776 ante
1935 1713 2402 1792 convenissent,
2466 1719 2528 1777 et
2587 1714 2756 1796 prin-

361 1798 535 1881 cipes
581 1796 1016 1862 tantummodo
1049 1818 1193 1861 cum
1238 1798 1457 1880 paucis
1491 1798 1824 1862 clientibus
1867 1805 2097 1878 essent,
2144 1805 2336 1881 atque
2382 1799 2429 1862 ii
2469 1799 2757 1864 dicerent

359 1885 571 1948 omnia
616 1883 836 1949 sedulo
883 1886 965 1948 ab
1013 1903 1082 1948 se
1128 1883 1315 1964 facta,
1373 1891 1443 1947 ut
1489 1905 1680 1965 quam
1735 1885 2036 1967 plurimos
2082 1905 2165 1948 ex
2212 1886 2575 1950 civitatibus
2621 1886 2757 1951 suis

362 1977 717 2050 evocarent,
779 1990 898 2034 nec
945 1971 1316 2041 auctoritate
1377 1990 1497 2034 nec
1556 1970 1763 2052 gratia
1808 1991 1926 2034 nec
1985 1971 2250 2054 imperio
2295 1971 2602 2036 adversus
2648 1970 2756 2036 de-
2795 1995 2865 2041 20

357 2062 703 2120 tractantes
765 2056 1053 2120 militiam
1099 2057 1395 2136 valuisse,
1458 2055 1798 2121 destitutus
1857 2056 2138 2139 undique
2186 2065 2247 2122 et
2291 2059 2371 2122 ab
2427 2058 2576 2138 suis,
2642 2059 2754 2139 qui

359 2143 763 2207 morabantur
807 2144 873 2206 in
919 2144 1094 2223 Asia,
1143 2150 1206 2208 et
1249 2144 1332 2207 ab
1380 2144 1587 2223 sociis,
1637 2144 1742 2225 qui
1790 2164 1884 2223 ea,
1931 2145 1997 2207 in
2038 2164 2300 2225 quorum
2346 2165 2523 2228 spem
2567 2165 2754 2209 voca-

356 2236 599 2309 verant,
647 2251 773 2294 non
819 2231 1250 2313 praestabant,
1296 2230 1467 2293 intra
1512 2229 1740 2294 saltum
1784 2231 2352 2314 Thermopylarum
2398 2251 2537 2295 sese
2585 2251 2754 2296 rece-

356 2316 466 2400 pit.
522 2315 589 2379 id
627 2316 866 2399 iugum,
915 2316 1077 2380 sicut
1105 2316 1473 2399 Appennini
1519 2315 1704 2381 dorso
1734 2317 1922 2380 Italia
1968 2316 2291 2397 dividitur,
2338 2318 2428 2381 ita
2470 2316 2753 2381 mediam

359 2402 691 2467 Graeciam
722 2401 992 2466 dirimit.
1046 2409 1197 2467 ante
1243 2402 1473 2467 saltum
1503 2401 2073 2486 Thermopylarum
2118 2404 2184 2467 in
2232 2404 2751 2486 septemtrionem
2795 2428 2864 2475 25

357 2509 542 2554 versa
607 2489 838 2572 Epirus
906 2495 967 2553 et
1027 2488 1413 2553 Perrhaebia
1476 2495 1537 2552 et
1598 2489 1930 2572 Magnesia
1997 2496 2061 2553 et
2118 2489 2450 2554 Thessalia
2520 2496 2616 2553 est
2685 2499 2754 2555 et

357 2575 693 2640 Phthiotae
740 2575 981 2639 Achaei
1043 2581 1104 2639 et
1164 2576 1340 2639 sinus
1384 2575 1717 2658 Maliacus3
1776 2575 1944 2640 intra
2003 2576 2220 2640 fauces
2279 2574 2363 2640 ad
2419 2574 2755 2640 meridiem

357 2668 627 2744 vergunt
656 2662 943 2725 Aetoliae
990 2682 1137 2745 pars
1184 2662 1383 2726 maior
1428 2669 1491 2724 et
1521 2662 1885 2725 Acarnania
1931 2669 1994 2725 et
2034 2682 2178 2726 cum
2208 2661 2474 2726 Locride
2521 2662 2756 2727 Phocis

356 2755 416 2811 et
471 2748 734 2812 Boeotia
791 2746 1216 2828 adiunctaque
1275 2747 1485 2811 insula
1542 2747 1821 2828 Euboea,
1886 2755 1949 2812 et
1995 2755 2370 2813 excurrente
2431 2748 2496 2812 in
2551 2748 2758 2813 altum

356 2834 527 2898 velut
586 2834 1018 2917 promunturio
1063 2833 1275 2897 Attica
1336 2839 1504 2897 terra
1566 2840 1629 2897 et
1689 2834 1811 2898 sita
1870 2834 1953 2898 ab
2015 2841 2193 2917 tergo
2256 2834 2752 2918 Peloponnesus.
2802 2861 2870 2906 30

354 3023 548 3075 consul
591 3022 764 3090 primo
812 3022 1030 3075 mittere
1075 3022 1145 3090 M,
1192 3022 1366 3090 primo
1412 3022 1560 3076 missi
1607 3023 1813 3091 (emissi
1859 3025 1993 3078 Lov.
2039 3025 2096 3089 2)
2144 3024 2206 3090 B,
2264 3024 2379 3079 cod.
2426 3040 2524 3077 rec.
2572 3030 2623 3076 et
2666 3024 2752 3076 ed.

355 3112 660 3178 antiquiss„
705 3108 877 3176 primo
923 3107 1107 3161 missis
1154 3111 1200 3163 I.
1240 3111 1308 3163 F.
1351 3109 1678 3165 Gronovius.
1730 3112 1737 3175 1
1787 3113 1833 3165 6.
1883 3108 2219 3178 Spercheum
2255 3111 2644 3165 Drakenborch
2687 3110 2760 3163 in

355 3198 515 3262 adom
569 3195 882 3264 sperchium
935 3195 1008 3264 M,
1063 3201 1381 3264 spergetum
1434 3200 1515 3252 vel
1569 3201 1889 3265 spargetum
1943 3200 2056 3253 cod.
2114 3215 2232 3264 rec„
2281 3200 2563 3265 'pgaetum
2615 3194 2679 3248 Β.
2745 3197 2753 3265 Ι

357 3287 405 3337 7.
443 3282 825 3350 hipataeorum
861 3282 921 3335 B.
973 3283 981 3349 Ι
1031 3286 1079 3338 9.
1118 3287 1235 3335 tum
1271 3301 1371 3338 om.
1411 3283 1475 3337 Β.
1524 3286 1533 3349 1
1582 3283 1866 3337 calchidae
1903 3284 1967 3337 Β.
2000 3285 2008 3350 Ι
2044 3286 2123 3338 11.
2170 3282 2422 3336 incusare
2466 3281 2763 3336 thoantem

356 3369 418 3422 Β.
452 3370 460 3435 Ι
496 3372 576 3424 14.
614 3368 763 3422 misit
797 3369 868 3435 Βς
904 3367 1075 3421 mittit
1110 3370 1224 3424 cod.
1263 3386 1362 3425 rec.
1401 3376 1449 3424 et
1486 3372 1564 3426 ed.
1603 3377 1698 3426 vet.
1734 3371 1741 3437 Ι
1774 3369 2020 3422 Lamiam
2046 3370 2264 3436 Duker-3
2297 3369 2405 3421 iam
2443 3368 2560 3424 cod.
2585 3373 2634 3421 et
2670 3369 2761 3423 ed.

356 3462 452 3510 vet.
487 3457 494 3520 Ι
528 3457 610 3509 15.
631 3470 701 3508 ex
737 3453 823 3508 his
858 3455 919 3508 B.
953 3457 962 3520 Ι
998 3458 1076 3510 16.
1103 3455 1324 3522 expleta
1348 3455 1411 3524 B,
1449 3458 1565 3512 cod.
1604 3474 1702 3511 rec.
1742 3463 1792 3510 et
1827 3457 1906 3510 ed.
1933 3462 2057 3522 vet.‚·
2092 3459 2151 3508 et
2187 3460 2339 3508 creta
2373 3455 2443 3508 M.
2475 3457 2484 3520 Ι
2516 3449 2590 3520 qd
2625 3468 2768 3510 cum

356 3540 418 3593 Β.
469 3542 478 3604 Ι
531 3544 611 3595 17.
649 3544 777 3593 ante
813 3540 875 3607 B,
913 3541 1028 3595 cod.
1063 3557 1168 3597 rec.
1206 3548 1256 3595 et
1290 3543 1371 3596 ed.
1408 3544 1722 3611 antiquiss.;
1766 3546 1932 3594 antea
1967 3540 2040 3609 M,
2087 3543 2337 3611 Moyunt.
2372 3541 2380 3606 Ι
2411 3542 2495 3594 22.
2535 3537 2602 3592 ΒΞ
2637 3538 2702 3593 Β.
2751 3543 2760 3612 Ι

358 3629 441 3681 23.
480 3625 929 3694 thermopilarum
966 3633 1016 3681 et
1049 3628 1130 3681 sic
1163 3629 1275 3695 fere
1318 3645 1526 3697 semper
1558 3628 1622 3682 Β.
1674 3629 1682 3694 Ι
1729 3631 1813 3682 26.
1853 3627 2035 3696 epiros
2069 3627 2134 3680 B.
2167 3630 2174 3695 Ι
2206 3627 2254 3679 Sc
2300 3641 2502 3693 magna
2547 3625 2669 3679 asia
2706 3627 2766 3682 δι

358 3711 625 3765 thessalia
661 3712 709 3764 Sc
747 3712 971 3779 eptiote.
1003 3713 1012 3778 Ι
1044 3716 1128 3767 27.
1147 3712 1367 3766 Achaei
1402 3716 1482 3769 ed.
1522 3716 1700 3769 Basil.
1729 3717 1867 3769 1535
1875 3734 1894 3781 ;
1930 3718 1988 3767 et
2022 3713 2216 3767 achaei
2252 3712 2324 3780 M,
2361 3730 2464 3767 om.
2501 3714 2596 3767 rel.
2634 3715 2764 3772 cod.

357 3799 448 3867 (B)
486 3806 535 3853 et
569 3800 648 3853 ed.
674 3800 972 3868 antiquiss.
1015 3800 1024 3865 Ι
1061 3797 1206 3852 infra
1240 3797 1430 3854 fauces
1469 3800 1530 3853 B.
1580 3800 1592 3870 Ι
1639 3804 1724 3856 29.
1771 3799 1960 3854 boetia
1996 3800 2058 3854 B.
2092 3802 2101 3866 Ι
2133 3802 2216 3854 30.
2255 3803 2404 3851 terra
2440 3801 2498 3852 et
2534 3797 2644 3851 sita
2681 3799 2766 3856 ab
