2925 4278
984 964 1353 1057 PRAE
1376 964 1819 1058 FATIO.

1243 1202 1554 1209 ———.

412 1362 540 1471 Iis,
575 1410 738 1473 quae
779 1389 859 1456 de
899 1396 1161 1473 quartae
1200 1389 1460 1455 decadis
1499 1390 1674 1456 libris
1711 1390 2119 1456 recensendis
2157 1391 2221 1455 in
2260 1393 2597 1457 voluminis

200 1494 411 1578 quinti
455 1494 849 1578 praefatione
905 1493 1181 1558 breviter
1227 1494 1514 1578 exposui,
1569 1514 1772 1579 nuper
1833 1494 2146 1577 quaedam
2204 1494 2469 1560 adiunxi
2530 1496 2594 1559 in

199 1598 435 1679 libello,
484 1618 674 1680 quem
720 1597 1093 1681 inscriptum
1145 1598 1309 1682 „Zur
1353 1597 1601 1662 vierten
1645 1597 1903 1663 Decade
1948 1597 2062 1663 des
2108 1599 2363 1664 Livius“
2417 1600 2483 1665 O.
2520 1601 2593 1663 R.

210 1700 593 1766 Academiae
635 1700 1116 1766 Vindobonensi
1161 1700 1480 1766 edendum
1527 1700 1779 1766 tradidi.
1862 1702 1988 1766 Ubi
2035 1721 2177 1765 cum
2222 1723 2348 1767 non
2396 1703 2596 1767 solum

210 1803 289 1868 de
349 1805 774 1888 compluribus
833 1804 1153 1888 librorum,
1222 1805 1328 1887 qui
1396 1804 1518 1869 hoc
1577 1805 1898 1870 volumine
1959 1807 2376 1886 continentur,
2443 1806 2597 1870 locis

206 1907 883 1991 emendationibusque
938 1908 1320 1973 sententiam
1365 1928 1574 1972 meam
1618 1910 1973 1974 accuratius
2020 1910 2420 1992 explicatam,
2484 1908 2598 1974 sed

206 2012 543 2076 nonnullas
583 2012 775 2076 etiam
813 2012 1289 2077 observationes
1334 2011 1888 2096 disputationibuS,
1936 2032 2094 2096 quas
2139 2013 2258 2076 viri
2304 2012 2470 2076 docti
2516 2012 2596 2077 de

205 2115 530 2181 codicibus
560 2114 953 2200 Moguntin0‚
994 2117 1474 2200 Bambergensi,
1516 2116 1820 2201 Spirensi,
1870 2117 2321 2182 recentioribus
2364 2116 2597 2183 habue-

207 2227 369 2302 mnt,
417 2219 672 2285 additas
717 2220 1029 2301 invenias,
1091 2242 1245 2304 rogo
1289 2222 1580 2302 lecturos,
1643 2229 1712 2286 ut
1758 2241 1901 2287 eum
1946 2221 2248 2300 libellum,
2294 2221 2360 2284 in
2406 2241 2597 2305 appa·

206 2330 343 2388 latu
411 2323 628 2388 critico
698 2344 947 2407 semper
1012 2324 1291 2389 breviter
1357 2324 1783 2410 indicatum,¹)
1850 2325 2207 2409 inspiciant.
2306 2323 2464 2388 Inde
2532 2322 2597 2387 id

104 2499 105 2504 .
205 2447 451 2509 quoque
497 2428 900 2511 perspicient,
950 2448 1059 2492 cur
1089 2429 1154 2491 in
1186 2427 1307 2491 hac
1338 2435 1515 2511 parte
1548 2430 1741 2494 libros
1772 2428 2077 2512 quosdam
2108 2447 2299 2491 manu
2332 2427 2598 2510 scriptos

206 2532 589 2595 recentiores
635 2532 890 2615 saepius
935 2531 1126 2596 etiam
1170 2532 1236 2595 in
1282 2530 1693 2597 adnotatione
1747 2531 2222 2611 nominaverim,
2287 2551 2474 2613 quam
2531 2532 2595 2593 in

208 2634 523 2698 volumine
587 2635 823 2716 quinto.
904 2636 1200 2701 Ceterum
1245 2635 1357 2700 vix
1404 2643 1500 2700 est
1562 2635 1728 2717 quod
1789 2634 2015 2714 dicam,
2077 2655 2179 2698 me
2238 2633 2319 2700 de
2381 2634 2597 2699 codice

208 2738 666 2821 Bambergensi
712 2739 1091 2803 sententiam
1139 2759 1265 2804 non
1305 2746 1604 2819 mutasse,
1651 2738 1843 2802 immo
1874 2737 2285 2803 vehementer
2327 2738 2597 2821 gaudee,

208 2840 374 2923 quod
422 2841 487 2904 in
534 2840 756 2906 horum
802 2842 1103 2908 librorum
1146 2850 1454 2926 apparatu
1502 2842 1717 2907 critico
1761 2840 2136 2907 adornando
2175 2841 2311 2906 eius
2343 2840 2598 2920 codiciS,

209 2945 314 3026 qui
359 2964 560 3026 usque
605 2945 690 3009 ad
736 2946 880 3009 libri
925 2946 1292 3010 XXXVIII.
1344 2954 1535 3030 caput
1577 2947 1943 3026 XXXXVI‚
1975 2944 2080 3030 42)
2136 2944 2346 3009 adhuc
2401 2952 2597 3023 extat,

204 3049 271 3111 in
320 3049 613 3114 omnibus
658 3049 850 3113 rebus
895 3049 1049 3113 satis
1093 3048 1289 3113 fidam
1330 3050 1681 3133 exprimere
1722 3049 1896 3134 potui
1942 3047 2361 3132 imaginem,3)
2408 3068 2598 3130 quani

414 3310 456 3372 ¹)
498 3307 609 3362 Sed
644 3324 854 3377 precor,
880 3316 958 3376 ut,
984 3308 1079 3362 ubi
1106 3309 1309 3377 siglum
1335 3312 1532 3378 ephrem.
1555 3311 1743 3364 Austr.
1772 3311 1911 3363 1892
1945 3308 2157 3377 legunt,
2194 3307 2250 3359 in
2278 3307 2396 3361 eius
2420 3309 2602 3363 locum

202 3397 378 3450 Acad.
410 3400 552 3449 1892
585 3395 730 3462 (Vol.
757 3395 1080 3461 CXXVIII)
1116 3395 1477 3449 substituant.

414 3482 459 3548 ²)
496 3480 560 3533 In
607 3482 835 3550 egregia
872 3481 947 3535 A.
974 3481 1180 3535 Luchsi
1226 3482 1296 3535 de
1343 3481 1677 3551 Sigismundi
1722 3481 1938 3536 Gelenii
1983 3482 2175 3535 codic-e
2211 3481 2329 3535 Liv.
2357 3481 2597 3549 Spirensi

203 3567 672 3622 commentatione
708 3584 761 3635 p.
787 3572 821 3622 4
858 3568 1332 3636 typographorum
1371 3585 1521 3622 error
1562 3572 1674 3636 „38,
1702 3572 1785 3637 36,
1811 3572 1874 3624 4⁸⁴
1916 3568 2276 3637 corrigendus
2313 3573 2414 3621 est.

413 3654 459 3721 ⁸)
498 3652 672 3716 Quam
723 3660 785 3707 ut
835 3653 1039 3722 ubique
1087 3670 1252 3722 quam
1297 3655 1707 3709 accuratissime
1763 3672 2055 3724 servarem,
2110 3655 2274 3708 etiam
2323 3654 2378 3706 in
2432 3654 2600 3708 rebus

200 3739 669 3808 orthographicis,
715 3755 853 3807 quas
899 3739 1107 3810 dicunt,
1153 3758 1278 3796 eum
1314 3741 1558 3794 codicem
1605 3743 1684 3796 ita
1731 3743 1846 3797 fere
1889 3760 2008 3797 sum
2046 3746 2287 3808 secutus,
2331 3746 2396 3793 ut
2432 3741 2600 3794 mani-

199 3826 352 3880 festa
388 3830 604 3879 tantum
640 3825 838 3878 menda
875 3842 955 3893 ac,
993 3842 1061 3880 ne
1099 3827 1550 3895 aequabilitatem
1587 3829 1755 3897 illam,
1793 3831 1861 3882 de
1886 3828 2073 3896 quain
2098 3826 2394 3880 voluminis
2418 3827 2598 3894 quarti

196 3912 548 3981 praefatione
586 3910 720 3979 dixi,
758 3928 983 3980 prorsus
1019 3915 1386 3983 neglegerem,
1434 3916 1786 3968 accusativos
1821 3912 2048 3981 pluralis
2083 3913 2140 3964 in
2179 3914 2229 3966 is
2265 3912 2453 3965 finitos
2491 3913 2601 3964 evi-

197 4011 398 4054 tarem.
437 3998 698 4052 Ceterum
724 3999 846 4053 eius
874 4014 1093 4067 quoque
1117 4001 1337 4071 generis
1364 4015 1451 4054 res
1477 4016 1693 4069 semper
1716 4001 1772 4053 in
1798 4002 2064 4068 apparatu
2090 3997 2339 4051 iuvenies
2363 4003 2599 4052 notatas,
