2925 4278
418 63 541 126 132
885 79 1111 132 LIBER
1147 77 1478 135 XXXVIII.
1517 77 1682 132 CAP.
1713 81 1792 135 12.
1822 81 1900 134 13.
1942 79 2008 146 [a.
2035 77 2099 133 U.
2128 85 2172 132 c'.
2200 79 2343 146 565}

414 254 607 319 citum
669 253 1107 319 traiciendum.
1200 253 1581 335 transgressi
1635 252 2052 317 Maeandrum
2112 250 2222 318 ad'
2256 254 2495 318 Hieran
2556 254 2776 319 Comen

347 353 372 399 1
413 347 855 425 pervenerunt.
933 341 1114 412 XIII.
1163 341 1410 403 Fanum
1455 340 1548 404 ibi
1592 346 1930 422 augustum
1975 340 2288 424 Apollinis
2342 347 2406 406 et
2449 340 2774 423 oraculum;

341 439 371 486 2
412 433 612 492 sortes
658 428 948 492 versibus
989 425 1167 491 haud
1209 425 1551 491 inconditis
1597 426 1750 490 dare
1793 437 1975 491 vates
2021 426 2329 491 dicuntur.
2407 426 2554 490 hinc
2582 427 2777 490 alteris

411 514 631 578 castris
675 513 760 578 ad
805 515 1165 597 Harpasum
1210 513 1446 578 flumen
1494 519 1753 576 ventum
1785 518 1906 596 est3
1957 534 2078 594 quo
2107 514 2303 597 legati
2333 515 2415 578 ab
2447 512 2778 577 Alabandis

409 607 740 681 venerunt,
788 606 857 664 ut
903 601 1250 681 castellum,
1298 599 1469 682 quod
1513 600 1594 663 ab
1639 599 1797 682 ipsis
1841 620 2043 684 nuper
2102 599 2428 681 descisset,
2489 605 2598 665 aut
2653 619 2776 664 auc·
2828 610 2849 657 5

340 698 371 744 3
409 687 659 751 toritate
719 693 829 751 aut
873 687 1067 751 armis
1113 692 1365 770 cogeret
1425 686 1565 749 iura
1621 686 1886 768 antiqua
1950 687 2102 769 pati.
2196 686 2417 752 eodem
2485 695 2549 751 et
2605 685 2777 753 Athe-

409 794 626 853 naeus,
675 773 976 838 Eumenis
1023 779 1086 836 et
1129 773 1327 838 Attali
1372 772 1586 854 frater,
1636 792 1777 836 cum
1824 773 2112 838 Cretensi
2155 773 2364 839 Leuso
2411 780 2473 838 et
2518 774 2776 856 Corrago

408 859 758 924 Macedone
803 860 1016 944 venit3
1064 860 1236 924 mille
1294 859 1543 943 pedites
1602 860 1945 923 mixtarum
2005 860 2294 943 gentium
2356 865 2419 925 et
2476 865 2774 925 trecentos

339 959 373 1004 4
412 947 656 1029 equites
702 966 917 1010 secum
963 945 1387 1011 adduxerunt.
1482 946 1699 1010 consul
1757 946 2010 1011 tribuno
2070 947 2340 1010 militum
2400 947 2591 1011 misso
2649 966 2775 1010 cum

408 1033 658 1097 modica
701 1053 895 1097 manu
942 1033 1268 1097 castellum
1315 1033 1380 1096 vi
1427 1032 1614 1115 cepit,
1664 1039 1917 1115 captum
1963 1032 2522 1098 Alabandensibus
2564 1031 2769 1098 reddit.
2806 1049 2857 1096 10¹

407 1120 544 1203 ipse
591 1119 746 1183 nihil
790 1120 897 1184 via
940 1119 1279 1202 degressus
1323 1118 1409 1182 ad
1437 1118 1842 1182 Antiochiam
1875 1138 2064 1202 super
2093 1118 2510 1184 Maeandrum
2541 1138 2771 1182 amnem

338 1217 367 1263 5
405 1207 614 1290 posuit
660 1213 883 1270 castra.
975 1205 1164 1270 huius
1210 1206 1416 1269 amnis
1471 1204 1680 1269 fontes
1727 1205 2020 1271 Celaenis
2083 1206 2382 1271 oriuntur.
2479 1206 2772 1272 Celaenae

405 1294 555 1357 urbs
603 1299 793 1376 caput
839 1291 1160 1374 quondam
1204 1292 1527 1375 Phrygiae
1571 1291 1727 1375 fuit3
1775 1292 2117 1374 migratum
2162 1292 2312 1357 inde
2357 1292 2533 1358 haud
2577 1290 2771 1376 procul

405 1380 726 1444 veteribus
773 1380 1085 1460 Celaenis,
1133 1399 1467 1459 novaeque
1513 1378 1653 1443 urbi
1698 1379 2025 1462 Apameae
2085 1399 2317 1444 nomen
2376 1378 2646 1443 inditum
2699 1379 2768 1441 ab

336 1477 366 1522 6
403 1466 653 1548 Apama
698 1486 908 1530 sorore
954 1466 1201 1532 Seleuci
1245 1465 1433 1549 regis
1529 1473 1591 1528 et
1635 1465 1925 1547 Marsyas
1984 1465 2211 1545 amnis,
2272 1464 2447 1529 haud
2493 1464 2702 1549 procul
2740 1483 2774 1526 a
2805 1479 2857 1543 153

403 1551 731 1615 Maeandri
776 1553 1058 1617 fontibus
1102 1552 1333 1632 oriens,
1380 1552 1446 1615 in
1478 1550 1893 1614 Maeandrum
1925 1551 2115 1631 cadit,
2147 1552 2447 1634 famaque
2475 1553 2570 1632 ita
2598 1555 2770 1629 tenet,

337 1650 364 1696 7
408 1638 700 1702 Celaenis
743 1639 1042 1721 Marsyan
1106 1658 1248 1702 cum
1294 1638 1590 1721 Apolline
1643 1637 1940 1701 tibiarum
1996 1645 2187 1703 cantu
2242 1645 2540 1704 certasse.
2629 1638 2771 1701 Mae-

402 1724 601 1787 ander
647 1744 728 1788 ex
774 1745 920 1789 arce
967 1745 1213 1789 summa
1259 1725 1677 1789 Celaenarum
1723 1730 1914 1804 ortus,
1962 1724 2174 1790 media
2223 1725 2376 1789 urbe
2424 1724 2766 1801 decurrens,

401 1831 515 1894 per
547 1811 743 1876 Caras
790 1811 1080 1894 primum,
1128 1810 1360 1875 deinde
1403 1811 1594 1874 Ionas
1639 1810 1706 1873 in
1751 1811 1958 1873 sinum
2005 1812 2197 1876 maris
2229 1811 2456 1892 editur,
2490 1813 2600 1894 qui
2628 1812 2771 1874 inter

332 1911 363 1957 8
401 1897 674 1962 Prienen
721 1904 783 1962 et
838 1898 1119 1961 Miletum
1183 1904 1294 1962 est.
1387 1896 1473 1961 ad
1516 1896 1921 1961 Antiochiam
1974 1897 2042 1961 in
2098 1904 2306 1963 castra
2361 1898 2637 1963 consulis
2678 1897 2769 1961 Se·
2798 1910 2857 1971 203

400 1984 633 2064 leucus,
680 1983 977 2048 Antiochi
1021 1983 1207 2064 filius,
1256 2005 1339 2048 ex
1384 1983 1641 2048 foedere
1686 1983 1811 2047 icto
1858 2002 1999 2046 cum
2047 1985 2343 2068 Scipione
2387 1984 2476 2049 ad
2520 1984 2770 2049 frumen—

332 2084 362 2129 9
401 2076 534 2134 tum
582 2070 887 2134 exercitui
935 2070 1216 2135 dandum
1262 2071 1456 2135 venit.
1550 2090 1751 2154 parva
1797 2068 2171 2156 disceptatio
2227 2071 2309 2135 de
2354 2071 2558 2136 Attali
2614 2067 2770 2134 auxi-

396 2158 658 2222 liaribus
705 2165 843 2222 orta
887 2165 1002 2239 est,
1051 2158 1218 2240 quod
1263 2160 1550 2222 Romano
1589 2163 1835 2221 tantum
1879 2157 2062 2223 militi
2108 2165 2363 2244 pactum
2405 2157 2769 2223 Antiochum

296 2267 359 2314 10
397 2251 466 2308 ut
511 2244 767 2309 daretur
812 2244 1196 2310 frumentum
1244 2244 1546 2309 Seleucus
1593 2243 1862 2309 dicebat.
1955 2246 2243 2311 discussa
2288 2266 2364 2310 ea
2410 2263 2659 2327 quoque
2688 2248 2770 2307 est

607 2438 651 2489 1.
691 2434 897 2487 Hieran
934 2436 1012 2488 ed.
1039 2435 1218 2489 Basil.
1242 2438 1380 2488 1531
1391 2456 1409 2501 ;
1444 2434 1713 2504 philetam
1738 2436 1809 2505 M,
1835 2438 2033 2502 Aldus,
2059 2453 2161 2490 om.
2186 2437 2279 2489 rel.
2307 2435 2423 2491 cod.
2450 2442 2501 2489 et
2537 2436 2617 2489 ed.
2641 2433 2769 2487 anti-

396 2524 557 2590 quiss.
593 2525 601 2588 Ι
633 2537 893 2575 comenen
930 2522 993 2589 B,
1027 2525 1273 2578 nonnuli.
1311 2525 1425 2577 eod.
1451 2541 1551 2578 ree.
1578 2532 1628 2579 et
1671 2526 1750 2578 ed.
1777 2526 2061 2593 antiqui-58.
2095 2526 2103 2588 Ι
2136 2526 2184 2578 3.
2222 2521 2413 2576 dicunt
2449 2523 2511 2577 Β.
2546 2525 2554 2589 Ι
2585 2524 2632 2576 4.
2666 2533 2767 2588 per·

394 2613 624 2660 uentum
670 2609 740 2660 M.
775 2612 781 2673 Ι
815 2612 862 2663 5.
912 2613 975 2661 ut
1020 2609 1310 2661 castellum
1358 2609 1509 2677 quod
1552 2611 1623 2673 M,
1670 2613 1803 2666 Lov.
1838 2616 1898 2677 6,·
1941 2614 2006 2663 ut
2050 2609 2201 2679 quod
2246 2609 2539 2662 castellum
2573 2608 2767 2671 Lov.2,

402 2697 778 2751 Weissenborn
810 2697 888 2749 ed.
917 2697 1133 2763 Tenbn„
1153 2694 1304 2762 quod
1338 2696 1626 2748 castellum
1662 2699 1774 2752 eod.
1795 2699 2035 2765 plerique
2062 2697 2148 2765 (B)
2172 2703 2221 2750 et
2247 2697 2325 2749 ed.
2347 2703 2473 2750 ante
2498 2697 2735 2764 Moyunt.
2757 2689 2762 2756 Ι

389 2783 438 2836 6.
465 2780 629 2833 armis
663 2800 765 2836 om.
792 2781 853 2834 B.
888 2783 895 2847 Ι
929 2785 975 2835 7.
1004 2786 1252 2835 cretense
1290 2782 1440 2835 lento
1465 2783 1528 2835 B.
1562 2785 1569 2849 Ι
1602 2786 1651 2838 9.
1678 2783 1845 2837 misso
1882 2783 2168 2837 castellum
2204 2798 2330 2835 cum
2366 2782 2584 2836 modica
2619 2792 2765 2833 manu

387 2867 449 2919 Β.
484 2870 491 2931 Ι
528 2870 607 2921 10.
647 2867 703 2918 ui
741 2866 921 2933 caepit
958 2874 1180 2933 captum
1214 2868 1278 2935 B,
1314 2868 1371 2920 ui
1409 2875 1634 2935 captum
1669 2871 1784 2926 cod.
1820 2887 1919 2924 rec.
1937 2871 2201 2938 plerique,
2239 2873 2463 2937 captum
2502 2868 2574 2937 M,
2610 2866 2664 2919 ui
2696 2878 2765 2917 re-

388 2959 607 3021 ceptum
653 2955 787 3008 Lov.
821 2958 859 3007 2
903 2960 952 3007 et
995 2956 1075 3007 ed.
1109 2960 1204 3008 vet.
1240 2957 1247 3017 Ι
1279 2938 1750 3009 alabii‘iidensibus
1795 2955 1938 3009 redit
1982 2956 2045 3008 B.
2079 2957 2086 3022 Ι
2123 2959 2201 3011 11.
2246 2955 2515 3024 degresus
2559 2954 2676 3020 (sic)
2708 2949 2762 3012 B,

388 3039 671 3108 digressus
699 3042 873 3109 pauci·
911 3042 1025 3095 eod.
1052 3058 1170 3108 rec„
1208 3042 1287 3095 ed.
1317 3043 1449 3096 Par.
1478 3047 1618 3096 1510
1653 3051 1702 3098 et
1735 3061 1838 3113 seq.
1872 3044 1881 3110 Ι
1912 3042 1985 3096 ad
2028 3041 2305 3095 antiochia
2349 3041 2412 3096 Β.
2445 3045 2453 3107 Ι
2490 3045 2568 3097 12.
2605 3037 2764 3093 caele·

386 3127 471 3179 nis
508 3134 555 3181 et
589 3129 670 3181 sic
705 3129 769 3182 in
799 3144 898 3196 seq.
926 3127 989 3180 B.
1022 3130 1030 3194 Ι
1063 3128 1287 3181 caelena
1322 3128 1456 3182 urbs
1494 3129 1554 3184 B.
1589 3132 1597 3195 Ι
1632 3133 1711 3185 14.
1738 3130 1809 3183 ab
1835 3129 2057 3198 Apama
2082 3132 2217 3185 Lov.
2243 3133 2304 3197 6;
2348 3127 2420 3181 ab
2458 3127 2687 3196 aphama
2707 3122 2761 3186 B,

384 3213 455 3267 ab
502 3229 734 3281 apamea
771 3215 871 3281 (vel
913 3214 1147 3282 apamia)
1186 3216 1300 3270 eod.
1327 3234 1427 3271 ree.
1455 3223 1505 3270 et
1539 3218 1617 3272 ed.
1644 3224 1738 3272 vet.
1778 3216 1870 3283 (ab
1909 3215 2131 3284 Apame
2175 3231 2345 3269 uxore
2383 3212 2600 3269 Seleuci
2634 3210 2759 3266 eoni-

385 3302 728 3369 Salmasius).
762 3303 771 3367 Ι
806 3305 885 3356 15.
923 3302 1114 3367 procul
1171 3302 1496 3370 amynandri
1532 3304 1594 3357 B.
1628 3305 1636 3372 Ι
1672 3307 1749 3359 17.
1788 3303 2064 3357 tibuarum
2100 3304 2205 3369 B..1
2240 3306 2319 3359 18.
2367 3317 2577 3356 summa
2621 3296 2758 3352 caele

383 3392 563 3439 atrum
610 3394 763 3441 ortus
801 3388 862 3440 B.
897 3390 904 3454 Ι
940 3391 1018 3443 19.
1058 3388 1260 3441 edituri
1306 3389 1457 3457 quod
1503 3389 1646 3443 inter
1680 3391 1742 3443 B.
1777 3392 1784 3455 Ι
1817 3394 1900 3445 21.
1937 3389 2180 3444 antiochi
2216 3388 2387 3443 frater
2420 3389 2467 3441 B
2503 3395 2554 3442 et
2584 3390 2622 3442 2
2654 3382 2756 3438 eod·

381 3491 481 3527 rec.
523 3476 741 3542 (Vasa),
778 3474 1049 3528 Antiochi
1091 3476 1483 3532 Drakenborch
1526 3480 1588 3531 in
1631 3479 1760 3531 adn.
1795 3479 1801 3540 Ι
1834 3481 1917 3532 24.
1953 3482 2018 3530 ut
2064 3476 2290 3530 daretur
2333 3475 2661 3529 frumentum
2702 3472 2757 3520 ut

381 3560 638 3612 seleucus
683 3560 926 3613 ducebat
967 3561 1029 3615 B.
1063 3563 1070 3627 Ι
1103 3561 1355 3616 discussa
1400 3564 1471 3631 M,
1517 3565 1596 3618 ed.
1621 3565 1800 3617 Basil.
1825 3569 1962 3618 1531
1973 3585 1992 3631 ‚-
2037 3563 2272 3617 decussa
2315 3566 2407 3618 rel.
2446 3563 2560 3618 eod.
2594 3565 2643 3614 et
2682 3555 2753 3609 ed.

373 3648 549 3716 prior.
583 3650 591 3712 Ι
623 3660 845 3713 quoque
890 3655 986 3701 aut
1029 3651 1378 3704 recidendum
1424 3657 1525 3704 ant
1567 3652 1967 3705 immutandum
2011 3668 2118 3707 esse
2162 3652 2390 3706 existim.
2433 3649 2652 3712 Crevier,
2686 3658 2754 3697 cm

379 3732 608 3799 utique?
645 3735 713 3801 cf.
740 3736 935 3801 ephem.
963 3735 1153 3789 Austr.
1178 3739 1329 3788 1892.
1365 3736 1373 3803 Ι
