2925 4278
600 140 825 193 LIBER
862 139 1160 193 xxxvn.
1201 138 1366 193 CAP.
1394 143 1477 194 27.
1506 143 1587 195 28.
1629 139 1699 208 [a.
1728 139 1793 194 U.
1821 156 1866 193 ο.
1896 141 2055 208 564].'
2429 122 2509 185 81

153 321 382 398 praetor
426 312 722 378 frumenti
768 313 898 377 vim
944 334 1244 397 magnam
1308 312 1536 378 Chium
1599 333 1679 377 ex
1726 313 1910 377 Italia
1957 313 2229 393 venisse,
2292 313 2512 378 vinum

152 407 455 484 portantes
500 421 695 465 naves
742 401 1223 483 tempestatibus
1269 407 1550 465 retentas
1597 419 1755 465 esse.
1848 400 2033 464 simul
2091 401 2349 464 allatum
2414 408 2510 465 est
2546 412 2578 459 3

152 488 318 551 Teios
361 487 571 571 regiae
618 487 801 552 classi
851 493 1235 551 commeatus
1281 487 1556 569 benigne
1603 486 1990 570 praebuisse,
2028 487 2304 569 quinque
2336 488 2511 551 milia

152 593 421 637 vasorum
467 573 596 637 vini
653 573 961 657 pollicitos
1009 593 1165 638 esse.
1258 574 1459 637 Teum
1506 594 1588 637 ex
1634 573 1840 637 medio
1890 594 2072 638 cursu
2106 574 2373 639 classem
2422 594 2510 638 re·
2547 585 2582 633 4

98 681 121 726 5
152 667 317 742 pente
362 660 610 741 avertit,
656 668 763 725 aut
811 659 1166 724 volentibus
1212 660 1288 723 iis
1335 679 1562 724 usurus
1624 668 1978 724 commeatu
2039 667 2258 743 parato
2324 660 2511 726 hosti·

152 747 266 826 bus,
309 754 418 810 aut
464 747 635 831 ipsos
680 767 791 830 pro
839 746 1124 811 hostibus
1171 746 1519 811 habiturus.
1615 767 1758 810 cum
1803 745 2203 811 derexissent
2263 746 2346 811 ad
2392 755 2508 811 ter-

154 853 261 896 ram
301 853 537 917 proras,
585 832 942 915 quindecim
988 833 1186 897 ferme
1233 834 1325 897 eis
1369 853 1570 898 naves
1629 833 1796 897 circa
1840 833 2260 916 Myonnesum
2322 853 2509 918 appa-

150 926 395 1000 ruerunt,
443 940 602 1001 quas
648 920 847 1004 primo
894 940 974 984 ex
1039 920 1238 984 classe
1304 919 1481 1002 regia
1540 927 1789 1003 praetor
1852 940 1989 984 esse
2051 928 2222 985 ratus
2283 921 2509 985 institit

147 1006 333 1090 sequi;
387 1007 684 1090 apparuit
728 1005 960 1071 deinde
1005 1007 1301 1090 piraticos
1360 1007 1601 1071 celoces
1661 1013 1724 1071 et
1782 1007 2022 1071 lembos
2083 1027 2242 1073 esse.
2322 1007 2504 1072 Chio·
2545 1017 2575 1066 5

68 1108 116 1154 10
146 1112 264 1155 rum
305 1093 680 1157 maritimam
729 1114 901 1159 oram
949 1092 1309 1177 depopulati
1358 1113 1500 1157 cum
1545 1094 1748 1158 omnis
1805 1094 2058 1177 generis
2117 1092 2357 1177 praeda
2416 1113 2508 1158 re-

146 1186 437 1245 vertentes
482 1187 813 1263 postquam
862 1178 1080 1244 videre
1125 1200 1207 1244 ex
1252 1180 1377 1243 alto
1427 1180 1713 1260 classem,
1761 1179 1827 1243 in
1883 1180 2101 1263 fugam
2163 1187 2504 1245 verterunt.

144 1271 198 1328 et
237 1266 547 1331 celeritate
595 1267 981 1351 superabant
1025 1265 1367 1331 levioribus
1427 1273 1490 1331 et
1533 1266 1618 1329 ad
1682 1264 1747 1329 id
1793 1265 2163 1331 fabrefactis
2209 1267 2505 1349 navigiis,

145 1357 198 1415 et
237 1354 553 1437 propiores
599 1360 802 1419 terrae
848 1361 1059 1435 erant3
1108 1353 1322 1435 itaque
1369 1353 1736 1436 priusquam
1768 1353 2310 1437 appropinquaret
2356 1354 2507 1419 clas·
2546 1367 2577 1413 6

145 1438 234 1519 sis,
276 1439 693 1523 Myonnesum
740 1439 1170 1524 perfugerant,
1217 1438 1386 1503 unde
1433 1459 1502 1503 se
1548 1460 1582 1503 θ
1631 1446 1811 1522 portu
1842 1447 2016 1504 ratus
2045 1440 2510 1504 abstracturum

72 1543 116 1588 15
146 1545 337 1607 naves,
382 1527 647 1611 ignarus
676 1527 796 1591 loci
829 1528 1209 1609 sequebatur
1240 1534 1506 1610 praetor.
1586 1526 1974 1609 Myonnesus
2005 1528 2505 1610 promunturium
2549 1541 2574 1585 7

147 1610 285 1676 inter
325 1614 529 1679 Teum
576 1614 959 1695 Samumque
1005 1620 1120 1677 est.
1213 1613 1351 1697 ipse
1400 1612 1575 1677 collis
1621 1620 1717 1677 est
1763 1613 1829 1677 in
1874 1611 2127 1677 modum
2175 1621 2382 1679 metae
2442 1615 2507 1677 in

151 1705 368 1763 acutum
416 1720 723 1765 cacumen
768 1721 808 1764 a
855 1698 1051 1763 fundo
1097 1700 1249 1763 satis
1280 1700 1408 1763 lato
1454 1698 1822 1783 fastigatus;
1871 1720 1910 1763 a
1943 1700 2287 1765 continenti
2328 1707 2506 1765 artae

157 1786 379 1851 semitae
421 1787 667 1852 aditum
713 1786 926 1867 habet,
972 1806 1013 1849 a
1067 1787 1222 1850 mari
1284 1806 1518 1851 exesae
1578 1785 1873 1851 fluctibus
1935 1805 2123 1870 rupes
2183 1787 2502 1869 claudunt,

157 1868 223 1933 ita
257 1881 321 1936 ut
365 1872 748 1956 quibusdam
794 1874 947 1937 locis
992 1872 1528 1956 superpendentia
1574 1894 1733 1938 saxa
1777 1873 1920 1957 plus
1965 1874 2030 1936 in
2063 1874 2279 1953 altum,
2315 1895 2500 1955 quam

76 1978 124 2026 20
152 1974 286 2036 quae
326 1960 391 2023 in
438 1960 713 2025 statione
759 1969 906 2026 sunt
950 1980 1167 2038 naves,
1214 1959 1629 2043 promineant.
1679 1961 1845 2025 circa
1891 1980 1967 2024 ea
1997 1960 2505 2044 appropinquare
2544 1974 2574 2020 8

149 2062 251 2108 non
292 2066 486 2113 ausae
534 2066 753 2127 naves,
802 2067 881 2111 ne
927 2046 1044 2111 sub
1100 2047 1228 2110 ictu
1290 2046 1783 2130 superstantium
1843 2047 2103 2130 rupibus
2163 2047 2507 2131 piratarum

148 2141 349 2215 essent,
396 2133 569 2199 diem
615 2134 862 2201 trivere.
935 2131 1194 2198 tandem
1239 2134 1353 2198 sub
1401 2139 1651 2198 noctem
1697 2154 1864 2197 vano
1911 2133 2161 2218 incepto
2209 2155 2350 2199 cum
2396 2133 2506 2199 ab—
2546 2150 2576 2196 9

149 2217 443 2302 stitissent,
494 2222 697 2286 Teum
741 2227 992 2305 postero
1038 2220 1141 2285 die
1186 2240 1544 2305 accessere;
1595 2227 1656 2285 et
1701 2221 1766 2283 in
1814 2227 2015 2304 portu,
2066 2221 2171 2302 qui
2212 2222 2293 2285 ab
2327 2227 2506 2302 tergo

146 2305 294 2370 urbis
337 2316 431 2374 est
486 2346 563 2353 —
612 2307 1039 2372 Geraesticum
1100 2307 1221 2391 ipsi
1283 2308 1610 2391 appellant
1653 2346 1757 2388 ——,
1820 2308 2091 2372 navibus
2151 2307 2507 2372 constitutis

76 2407 123 2456 25
150 2400 369 2472 praetor
435 2393 525 2459 ad
591 2393 1105 2478 depopulandum
1175 2394 1342 2458 circa
1407 2395 1628 2458 urbem
1696 2414 1918 2476 agrum
1980 2394 2187 2459 emisit
2254 2394 2503 2458 milites.

151 2473 423 2547 XXVIII.
473 2481 635 2561 Teii,
683 2502 825 2545 cum
869 2481 936 2544 in
983 2480 1179 2546 oculis
1242 2481 1562 2564 populatio
1625 2488 1810 2561 esset,
1874 2488 2151 2546 oratores
2210 2501 2351 2545 cum
2419 2481 2508 2544 in·
2548 2497 2572 2543 1

152 2560 274 2630 fulis
318 2575 378 2632 et
422 2568 803 2632 velamentis
848 2567 930 2632 ad
978 2569 1329 2632 Romanum
1386 2567 1709 2633 miserunt.
1804 2568 2031 2649 quibus
2091 2568 2508 2652 purgantibus
2547 2583 2575 2629 2

151 2648 445 2719 civitatem
516 2655 719 2719 omnis
787 2654 941 2718 facti
1008 2653 1284 2736 dictique
1352 2653 1598 2719 hostilis
1665 2653 1972 2719 adversus
2039 2657 2376 2734 RomanOS,
2447 2661 2509 2719 et

151 2733 358 2805 iuvisse
403 2760 515 2807 eos
563 2748 915 2806 commeatu
963 2742 1229 2805 classem
1290 2739 1565 2806 hostium
1620 2742 1846 2826 arguit,
1909 2748 1972 2806 et
2027 2749 2329 2823 quantum
2376 2740 2508 2806 vini

329 2934 376 2986 3.
414 2936 756 2986 commeatus
802 2930 1041 2998 benigne
1087 2930 1160 2998 Bt,
1205 2929 1447 2999 benigne
1492 2935 1831 2984 commeatus
1877 2933 1991 2987 cod.
2025 2950 2122 2987 rec.
2159 2939 2207 2986 et
2251 2933 2331 2986 ed.
2366 2931 2502 3000 vet!

147 3011 187 3063 4.
210 3027 320 3070 csse
356 3017 630 3086 pollicitos
657 3018 727 3080 M,
753 3019 949 3072 Aldus.
983 3020 990 3084 Ι
1022 3017 1195 3070 Teum
1226 3019 1518 3086 Siyonius;
1554 3017 1722 3070 teium
1750 3017 1811 3084 B,
1837 3016 2046 3070 theium
2083 3020 2196 3073 cod.
2220 3037 2318 3073 rec.
2344 3019 2508 3087 pleri-

152 3115 232 3165 que
264 3111 308 3157 et
351 3108 429 3161 ed.
472 3108 756 3174 antiquiss.
792 3107 799 3170 1
832 3110 879 3160 5.
920 3103 1004 3157 his
1043 3105 1214 3157 usurfi
1241 3104 1303 3157 B.
1338 3107 1345 3171 Ι
1378 3107 1424 3158 6.
1465 3104 1806 3157 derexissent
1828 3104 1891 3172 B,
1928 3105 2063 3159 Lov.
2091 3109 2149 3171 4,·
2183 3103 2510 3158 direxissent

152 3188 246 3242 cod.
281 3208 377 3247 rec.
417 3200 467 3248 et
513 3194 589 3247 ed.
619 3200 715 3247 vet.
749 3195 756 3258 Ι
788 3196 837 3249 8.
876 3191 1046 3259 prime
1095 3191 1153 3244 B.
1186 3192 1194 3256 Ι
1225 3190 1470 3244 instituit
1512 3191 1575 3258 B,
1623 3193 1756 3246 Lov.
1779 3196 1825 3245 6.
1861 3192 1868 3258 Ι
1900 3194 1947 3245 9.
1987 3190 2247 3258 piraticos
2280 3193 2412 3255 cod„
2437 3195 2505 3261 cf.

153 3269 300 3342 XXI,
326 3282 406 3345 17,
433 3284 497 3346 3;
542 3278 800 3346 piraticas
847 3280 926 3333 ed.
964 3285 1077 3346 vet„
1116 3279 1299 3332 Hertz.
1335 3278 1342 3345 Ι
1387 3281 1466 3333 12.
1506 3276 1576 3330 ad
1612 3276 1669 3330 id
1705 3277 1775 3342 M,
1814 3278 2093 3345 Moyunt.;
2137 3275 2208 3329 ob
2245 3276 2300 3329 id
2336 3276 2428 3340 (ob
2465 3276 2511 3330 it

150 3350 203 3422 B)
221 3364 429 3419 rel.cod.
444 3372 494 3419 et
513 3367 591 3419 ed.
606 3368 893 3434 antiquiss.
927 3366 935 3430 Ι
972 3370 1050 3419 14.
1072 3363 1520 3433 profugeruntB.
1555 3371 1562 3427 1
1596 3367 1676 3418 15.
1698 3364 2003 3431 myonnesfi
2030 3362 2092 3416 B.
2124 3366 2132 3430 Ι
2167 3366 2246 3417 16.
2268 3361 2510 3416 Samum-

150 3455 239 3508 que
279 3453 389 3505 cod.
426 3459 475 3506 et
520 3453 630 3519 ed.;
675 3451 1072 3520 Lebedumque
1119 3453 1258 3507 coni.
1299 3453 1621 3519 Glareamw,
1670 3451 2029 3513 Douiatius.l
2075 3453 2151 3504 17.
2190 3450 2302 3503 lato
2349 3449 2510 3503 casti-

151 3537 293 3594 gatus
334 3552 367 3590 a
413 3539 752 3592 continentia
798 3545 915 3593 arte
960 3539 1021 3592 B.
1069 3541 1076 3604 1
1122 3542 1200 3595 18.
1248 3537 1456 3591 habent
1500 3537 1562 3590 B.
1609 3540 1617 3602 Ι
1660 3540 1738 3592 19.
1787 3535 2323 3604 superimpendentia
2368 3539 2508 3592 coni.

152 3613 385 3692 Kreyssiq
430 3628 558 3694 fort.
585 3633 733 3681 recte.
767 3629 775 3692 Ι
809 3629 889 3681 20.
927 3624 1274 3693 promineant
1309 3643 1410 3680 om.
1438 3623 1500 3677 B.
1534 3625 1541 3692 Ι
1574 3627 1657 3679 21.
1695 3638 1765 3676 ne
1810 3621 2066 3676 subiectu
2103 3623 2163 3678 B.
2197 3628 2205 3690 Ι
2236 3627 2318 3679 24.
2356 3638 2509 3692 gere-

156 3700 323 3761 Sticum
357 3710 419 3765 B.
452 3713 460 3778 Ι
493 3715 575 3767 26.
613 3712 690 3765 tei
726 3714 786 3766 B.
821 3716 829 3778 Ι
860 3712 915 3766 in
952 3712 1124 3766 oculis
1162 3715 1276 3768 cod.
1324 3711 1409 3779 (B)
1454 3719 1505 3766 et
1548 3713 1627 3766 ecl.
1666 3718 1760 3766 vet.
1773 3732 1789 3774 ,·
1825 3710 1880 3763 in
1918 3710 2069 3778 agris
2106 3711 2174 3765 M.
2208 3714 2215 3777 Ι
2247 3714 2328 3766 29.
2367 3727 2509 3765 com-

156 3798 311 3847 meatu
346 3800 457 3854 cod.
496 3800 662 3868 Vosa,
699 3801 833 3856 Lov.
862 3807 909 3869 1,
946 3802 1027 3854 ed.
1052 3802 1229 3855 Basil.
1257 3803 1419 3862 1535,·
1454 3797 1600 3852 omni
1639 3803 1949 3852 commeatu
1974 3799 2064 3853 rel.
2094 3799 2205 3853 cod.
2231 3797 2318 3866 (B)
2342 3804 2392 3852 et
2427 3798 2506 3852 ed.

236 3876 471 3926 T.Liv.V1.
521 3885 663 3927 Editio
692 3886 836 3926 maior.
2169 3888 2199 3935 6
