2925 4278
126 1123 185 1169 10

128 1556 184 1601 15

124 1994 183 2041 20

122 2428 183 2474 25

757 149 980 203 LIBER
1017 148 1278 204 xxxvl.
1317 149 1484 203 cAP.
1513 153 1559 204 6.
1587 154 1633 204 7.
1674 149 1746 217 [a.
1773 150 1838 205 U.
1866 166 1910 204 ο.
1938 152 2074 219 5631.
2573 133 2607 194 7

220 324 453 388 bellum
497 322 696 386 indici
726 323 1029 388 Romanis
1073 324 1438 406 postularet.
1509 324 1848 404 neminem,
1896 324 2048 406 quid
2078 331 2390 408 ageretur,
2438 323 2610 387 falle-

222 412 356 475 bat:
408 408 732 474 decretum
789 417 1001 474 tamen
1050 411 1165 475 sub
1214 410 1342 474 leni
1388 412 1724 475 verborum
1768 418 2105 494 praetextu
2151 431 2264 494 pro
2311 431 2461 494 rege
2507 409 2611 474 ad-

222 515 437 561 versus
484 498 804 561 Romanos
849 496 1087 561 factum
1135 503 1249 561 est.

425 583 564 646 Hac
594 603 843 665 quoque
880 590 1074 666 gente
1105 582 1409 647 adiuncta
1441 582 1808 648 Chalcidem
1855 603 2199 666 regreSSUS,
2247 583 2611 666 praemissis

223 669 366 733 inde
421 669 665 750 litteris,
733 676 802 733 ut
854 669 1330 733 Demetn'adem
1386 670 1800 734 convenirent
1853 670 2172 754 principes
2226 670 2609 748 Aetolorum,

224 777 359 820 cum
407 755 638 837 quibus
696 755 777 820 de
833 776 1080 821 summa
1134 776 1342 820 rerum
1388 756 1789 837 deliberaret,
1846 757 2117 822 navibus
2172 776 2246 820 eo
2301 755 2384 819 ad
2443 754 2610 819 diem

222 843 525 907 indictum
572 843 834 908 concilio
881 843 1073 907 venit.
1145 852 1211 907 et
1241 843 1679 926 Amynander,
1726 844 1967 909 accitus
2012 842 2097 907 ad
2129 840 2609 908 consultandum

222 950 301 994 ex
332 929 742 1010 Athamania,
791 935 853 993 et
883 930 1209 994 Hannibal
1238 931 1510 1009 Poenus,
1557 930 1685 993 iam
1731 929 1840 994 diu
1872 951 1998 995 non
2041 929 2382 1010 adhibitus,
2426 929 2610 991 inter-

220 1016 337 1079 fuit
383 1015 441 1080 ei
488 1015 769 1081 consilio.
844 1016 1260 1080 consultatum
1309 1016 1389 1080 de
1433 1016 1880 1082 Thessalorum
1926 1023 2119 1100 gente
2175 1023 2288 1095 est,
2345 1034 2609 1097 quorum

220 1102 532 1182 omnibus,
603 1104 711 1184 qui
777 1101 1072 1183 aderant,
1142 1104 1434 1167 voluntas
1505 1102 1878 1186 temptanda
1945 1102 2297 1168 videbatur.
2401 1102 2464 1165 in
2535 1120 2609 1164 eo

219 1188 405 1253 modo
436 1187 728 1255 diversae
774 1189 1128 1254 sententiae
1161 1196 1359 1269 erant,
1409 1190 1578 1271 quod
1623 1190 1732 1252 alii
1765 1190 2087 1273 extemplo
2116 1187 2457 1272 agendum,
2502 1187 2612 1250 alii

220 1296 300 1339 ex
360 1275 590 1355 hieme,
662 1296 826 1357 quae
888 1283 1019 1339 tum
1081 1276 1280 1340 ferme
1340 1275 1555 1340 media
1616 1282 1769 1355 erat,
1832 1274 2256 1340 differendum
2315 1274 2380 1338 in
2443 1274 2610 1336 veris

218 1361 617 1446 principium,
669 1360 773 1449 [et]
821 1362 929 1425 alii
974 1362 1220 1445 legatos
1265 1361 1701 1426 tantummodo
1747 1361 2108 1441 mittendos,
2156 1360 2264 1424 alii
2311 1380 2454 1423 cum
2487 1380 2610 1422 om-

219 1449 406 1514 nibus
467 1448 666 1532 copiis
736 1449 1014 1514 eundum
1075 1450 1422 1513 censebant
1480 1447 1932 1529 terrendosque
1993 1454 2184 1527 meta,
2250 1447 2301 1511 si
2364 1452 2612 1510 cuncta-

219 1541 451 1600 rentur.

427 1622 570 1685 VII.
622 1621 781 1686 Cum
828 1621 995 1685 circa
1039 1622 1206 1686 hanc
1251 1622 1385 1686 fere
1418 1621 1943 1687 consultationem
1990 1620 2367 1704 disceptatio
2408 1619 2612 1685 omnis

220 1714 588 1787 verteretur,
644 1708 968 1773 Hannibal
1023 1709 1397 1773 nominatim
1442 1710 1869 1791 interrogatus
1923 1708 2304 1772 sententiam
2358 1708 2425 1770 in
2481 1706 2613 1769 uni-

219 1795 386 1859 versi
432 1794 585 1858 belli
631 1794 1078 1878 cogitationem
1124 1815 1342 1878 regem
1394 1802 1587 1876 atque
1644 1815 1772 1875 eos,
1830 1795 1937 1876 qui
1984 1793 2268 1873 aderant,
2326 1793 2437 1856 tali
2482 1813 2612 1856 ora-

219 1881 390 1946 tione
454 1881 701 1946 avertit.
816 1881 926 1965 „si,
991 1901 1073 1945 ex
1134 1903 1257 1963 quo
1319 1882 1681 1946 traiecimus
1740 1881 1807 1944 in
1871 1881 2224 1961 Graeciam,
2286 1878 2611 1944 adhibitus

221 1988 428 2033 essem
474 1968 541 2031 in
590 1968 940 2047 consilium,
988 1988 1132 2032 cum
1178 1967 1260 2032 de
1305 1969 1567 2032 Euboea
1612 1968 1818 2050 deque
1864 1967 2138 2032 Achaeis
2185 1974 2248 2031 et
2294 1965 2374 2031 de
2421 1968 2613 2029 Boeo·

221 2055 309 2119 tia
354 2054 687 2137 agebatur,
735 2053 1007 2118 eandem
1053 2055 1431 2119 sententiam
1474 2054 1801 2135 dixissem,
1850 2075 2040 2136 quam
2087 2053 2294 2133 hodie,
2346 2073 2487 2117 cum
2533 2051 2612 2115 de

219 2142 543 2207 Thessalis
588 2143 816 2225 agitur,
865 2142 1090 2206 dicam.
1161 2149 1310 2206 ante
1357 2144 1570 2206 omnia
1614 2142 1979 2225 Philippum
2026 2149 2089 2206 et
2117 2139 2501 2206 Macedonas
2547 2139 2612 2202 in

222 2230 586 2293 societatem
634 2229 785 2293 belli
818 2249 1213 2310 quacumque
1259 2229 1500 2293 ratione
1535 2249 1761 2293 censeo
1793 2228 2202 2293 deducendos
2235 2249 2391 2293 esse.
2462 2247 2611 2291 nam

220 2315 388 2397 quod
448 2314 531 2379 ad
577 2316 903 2380 Euboeam
948 2316 1344 2396 Boeotosque
1391 2322 1455 2380 et
1501 2316 1840 2381 Thessalos
1885 2316 2133 2394 attinet,
2190 2316 2290 2379 0111
2351 2314 2612 2378 dubium

223 2409 337 2482 est,
386 2402 539 2483 quin
588 2427 672 2448 ·—
718 2409 786 2465 ut
833 2402 1062 2483 quibus
1109 2402 1319 2466 nullae
1368 2422 1521 2466 suae
1568 2403 1735 2467 vires
1783 2403 1928 2483 sint,
1976 2402 2419 2486 praesentibus
2465 2399 2613 2463 adu-

219 2488 408 2553 lando
456 2509 726 2572 semper,
775 2509 963 2570 quem
1009 2496 1247 2552 metum
1279 2488 1344 2552 in
1378 2490 1637 2553 consilio
1683 2489 1981 2569 habeant,
2031 2488 2254 2553 eodem
2295 2486 2378 2550 ad
2421 2488 2611 2569 impe·

219 2574 513 2638 trandam
574 2575 830 2639 veniam
890 2581 1150 2638 utantur
1209 2614 1293 2621 —
1353 2576 1540 2639 simul
1600 2596 1675 2638 ac
1720 2577 2075 2639 Romanum
2139 2574 2485 2638 exercitum
2548 2573 2609 2635 in

221 2661 489 2726 Graecia
533 2661 826 2742 viderint,
889 2660 972 2725 ad
1034 2668 1404 2726 consuetum
1465 2662 1795 2744 imperium
1859 2681 1926 2725 se
1987 2666 2297 2740 avertant,
2360 2679 2478 2723 nec
2538 2659 2614 2722 iis

220 2748 452 2812 noxiae
514 2747 796 2812 futurum
857 2748 956 2828 sit,
1021 2747 1209 2829 quod,
1282 2768 1425 2812 cum
1485 2748 1752 2812 Romani
1822 2748 2039 2831 procul
2097 2748 2415 2826 abessent,
2485 2746 2614 2809 vim

428 2943 475 2993 2.
515 2943 700 2992 tamen
737 2956 838 2995 om.
885 2939 947 2993 B.
994 2939 1001 3005 Ι
1041 2938 1153 2991 10111
1188 2939 1252 3004 Β,
1296 2940 1520 3004 Βο1111ον,
1569 2942 1636 3007 ef.
1681 2941 1912 3008 Madviq
1959 2939 2082 2992 Em.
2122 2939 2190 2991 L.
2237 2955 2290 3005 p.
2331 2941 2463 3003 519,·
2505 2937 2615 2989 10111

220 3028 333 3082 cod.
371 3029 464 3080 rel.
504 3033 553 3080 et
589 3027 668 3080 ed.
707 3033 802 3081 vet.
836 3027 843 3093 Ι
875 3031 1165 3094 praetexto
1201 3026 1263 3078 Β.
1299 3030 1305 3091 Ι
1339 3029 1386 3079 7.
1424 3025 1687 3078 indictam
1724 3028 1804 3080 ed.
1843 3032 1958 3093 vet„
1997 3024 2205 3077 dictum
2234 3025 2465 3092 Madviq
2491 3024 2613 3076 Em.

218 3114 286 3167 L.
326 3131 378 3182 p.
401 3117 518 3170 519.
553 3113 560 3179 Ι
596 3114 675 3168 13.
715 3117 772 3165 01
808 3130 908 3167 em.
948 3114 1154 3179 Lov.2‚
1176 3113 1378 3166 Duker.
1412 3113 1420 3179 Ι
1452 3115 1537 3167 20.
1575 3111 1630 3164 111
1668 3111 1895 3165 consilio
1931 3111 1993 3165 Β.
2027 3115 2035 3176 1
2068 3111 2248 3179 deque
2275 3109 2522 3163 Achaeis
2561 3115 2615 3161 et

219 3197 289 3251 de
325 3198 561 3252 Boeotia
595 3201 851 3254 nonnulli
897 3201 1010 3253 eod.
1059 3216 1157 3254 rec.
1198 3201 1354 3264 (Lov.
1393 3201 1479 3266 2);
1523 3199 1703 3266 deque
1749 3198 1972 3251 achaeis
2017 3197 2087 3249 de
2132 3196 2356 3250 boeotia
2390 3195 2453 3262 Β,
2501 3199 2613 3251 eod.

218 3303 319 3341 rec.
357 3293 408 3340 et
443 3287 525 3340 ed.
563 3288 870 3355 antiquiss„
915 3285 986 3338 'de
1023 3284 1243 3338 achaeis
1281 3285 1462 3352 deque
1500 3284 1726 3338 boeotia
1759 3285 1812 3337 M
1849 3291 1976 3339 teste
2000 3285 2211 3350 Medic,
2250 3283 2319 3336 de
2355 3282 2616 3349 Achaeis,

219 3372 290 3425 de
326 3372 559 3426 Boeotia
595 3374 674 3426 ecl.
713 3374 892 3427 Basil.
931 3376 1085 3426 1535.
1128 3374 1135 3440 Ι
1177 3375 1258 3427 22.
1299 3372 1354 3424 111
1393 3371 1715 3425 societatem
1763 3370 1895 3424 belli
1940 3374 2018 3426 ed.
2057 3372 2235 3425 Basil.
2276 3374 2441 3437 15:2³5,-
2484 3369 2615 3423 belli

217 3458 274 3511 in
325 3460 653 3512 societatem
700 3461 812 3515 eod.
853 3459 942 3527 (B)
979 3466 1027 3513 et
1062 3460 1140 3513 ed.
1180 3461 1467 3528 antiquiss,
1511 3460 1518 3526 Ι
1560 3462 1643 3513 24.
1682 3458 1771 3511 cui
1808 3460 1922 3513 cod.
1962 3458 2050 3526 (B)
2095 3465 2144 3512 et
2189 3460 2265 3512 ecl.
2315 3466 2411 3513 vet.
2423 3479 2442 3524 ,·
2484 3456 2615 3524 quid

219 3546 273 3598 M
311 3553 438 3602 teste
484 3547 697 3612 Modio‚
743 3547 837 3614 qui
882 3548 1259 3602 Weissenborn
1304 3549 1366 3600 in
1411 3548 1492 3601 ed.
1535 3548 1732 3600 Teubn.
1776 3546 1783 3612 Ι
1824 3545 2056 3599 dubium
2103 3560 2224 3598 esse
2270 3545 2341 3612 M,
2388 3543 2614 3597 dubium

219 3647 342 3686 0000
378 3638 565 3701 potest
599 3634 975 3689 Weissenborn
1013 3636 1044 3687 l.
1084 3652 1126 3689 0.
1157 3637 1338 3702 praef.
1370 3653 1427 3702 p.
1457 3634 1520 3686 X
1531 3635 1659 3688 VII.
1693 3634 1700 3700 Ι
1733 3637 1816 3688 25.
1853 3637 1918 3686 111
1953 3632 2155 3702 quibus
2192 3632 2273 3698 M,
2311 3631 2514 3699 utrisq,
2551 3630 2612 3694 B,

221 3720 512 3788 utriusque
550 3722 665 3775 cod.
701 3738 802 3776 rec.
841 3722 997 3785 (Lov.
1035 3723 1111 3789 2),
1149 3737 1271 3774 011111
1310 3721 1555 3788 utrisque
1594 3723 1834 3777 0011.νο0.
1867 3723 2114 3790 plerique
2150 3727 2198 3774 et
2222 3721 2301 3774 ed.
2328 3720 2614 3787 antiquiss.

218 3836 287 3845 —
326 3809 391 3862 de
427 3809 862 3875 interpunctione
899 3811 967 3876 ef.
1008 3810 1239 3878 Madviy
1277 3810 1399 3863 Em.
1439 3810 1509 3861 L.
1542 3827 1598 3878 p.
1641 3814 1756 3862 519.
1792 3811 1798 3875 Ι
