2925 4278
214 1121 278 1166 10

216 1294 275 1338 11

214 1380 276 1425 12

214 1541 295 1603 ’13.

216 1985 275 2030 14

316 131 359 191 4
819 149 1044 201 LIBER
1082 147 1351 201 xxxvl.
1391 147 1558 200 CAP.
1597 151 1645 202 3.
1683 155 1731 202 4.
1774 149 1838 216 [a.
1879 148 1944 202 U.
1984 164 2029 200 ο.
2069 141 2226 215 5634·

317 324 646 404 Fregenae
692 329 755 386 et
794 323 1083 388 Castrum
1116 323 1367 386 Novum
1415 330 1476 386 et
1507 323 1705 405 Pyrgi
1752 329 1815 385 et
1859 323 2119 386 Antium
2168 329 2230 386 et
2260 321 2604 386 Tarracina
2650 330 2713 387 et

317 408 677 473 Minturnae
724 416 787 473 et
833 409 1138 474 Sinuessa
1184 410 1458 484 fuerunt,
1518 429 1679 489 quae
1727 430 1868 473 cum
1916 407 2202 492 praetore
2249 408 2330 473 de
2376 410 2712 474 vacatione

321 501 656 559 certarunt.
716 496 932 559 consul
979 495 1210 559 deinde
1250 497 1350 558 Μ’.
1394 495 1635 559 Acilius
1683 516 1764 559 ex
1811 502 2075 560 senatus
2129 496 2413 560 consulto
2463 495 2548 558 ad
2596 497 2713 560 col-

317 582 551 663 legium
598 581 907 646 fetialium
953 582 1212 661 rettulit,
1274 582 1482 665 ipsine
1529 581 1744 662 utique
1790 583 1926 665 regi
1971 581 2283 645 Antiocho
2330 581 2714 646 indiceretur

317 668 572 747 bellum,
634 688 718 732 an
765 669 919 733 satis
975 675 1141 732 esset
1188 667 1271 731 ad
1332 667 1718 751 praesidium
1779 667 2035 749 aliquod
2083 668 2219 731 eius
2280 670 2586 752 nuntiari3
2652 677 2714 733 et

317 774 469 817 num
513 755 756 819 Aetolis
803 775 1051 836 quoque
1099 755 1441 837 separatim
1504 754 1697 818 indici
1760 755 2049 818 iuberent
2109 755 2372 839 bellum3
2436 763 2498 819 et
2560 777 2711 820 num

315 841 490 924 prius
553 842 825 905 societas
885 842 977 905 eis
1038 848 1100 905 et
1160 841 1441 905 amieitia
1512 841 1935 905 renuntianda
1996 848 2161 905 esset
2224 862 2413 922 quam
2473 843 2710 906 bellum

316 926 745 991 indicendum.
806 928 1056 991 fetiales
1088 927 1596 1011 responderunt
1581 948 1708 991 iam
1741 935 1890 991 ante
1924 947 2082 1007 sese,
2132 948 2273 991 cum
2307 928 2386 992 de
2416 929 2711 1029 Philippo

318 1013 811 1094 consulerentur,
860 1012 1219 1079 decrevisse
1266 1014 1425 1077 nihil
1470 1013 1727 1093 referr,e
1786 1015 1907 1098 ipsi
1956 1034 2166 1077 coram
2220 1035 2302 1077 an
2350 1013 2435 1078 ad
2480 1016 2710 1098 praesi-

317 1098 491 1162 dium
566 1101 989 1183 nuntiaretur,
1075 1100 1419 1164 amicitiam
1492 1066 1914 1164 renuntiatam
1978 1100 2199 1180 videri,
2282 1122 2423 1164 cum
2485 1102 2711 1185 legatis

315 1186 548 1250 totiens
592 1187 1027 1269 repetentibus
1066 1207 1168 1251 res
1224 1206 1341 1250 nec
1386 1186 1569 1250 reddi
1618 1207 1734 1250 nec
1776 1186 2069 1251 satisfieri
2116 1207 2391 1268 aequum
2437 1189 2710 1253 censuis-

316 1279 476 1335 sent.
562 1274 820 1337 Aetolos
888 1274 1051 1337 ultro
1120 1274 1242 1338 sibi
1311 1273 1547 1337 bellum
1615 1272 1945 1351 indixisse
2010 1294 2151 1336 cum
2213 1273 2708 1354 Demetriadem

316 1359 627 1423 sociorum
674 1360 914 1439 urbem,
976 1380 1090 1443 per
1136 1359 1265 1423 vim
1312 1366 1747 1442 occupassent,
1797 1326 2160 1423 Chalcidem
2207 1366 2373 1423 terra
2426 1361 2712 1441 marique

315 1453 747 1528 oppugnatum
810 1447 1028 1525 issent,
1091 1466 1306 1529 regem
1368 1445 1750 1509 Antiochum
1819 1446 1886 1509 in
1947 1446 2262 1529 Europam
2331 1445 2413 1508 ad
2474 1447 2709 1509 bellum

315 1533 546 1614 populo
578 1533 864 1597 Romano
910 1532 1312 1596 inferendum
1359 1531 1808 1597 traduxissent.
1867 1532 2160 1596 omnibus
2206 1532 2331 1595 iam
2364 1533 2516 1596 satis
2550 1553 2708 1597 com-

315 1617 553 1700 paratis
613 1618 715 1681 Μ’.
765 1619 1007 1682 Acilius
1072 1620 1288 1682 consul
1349 1618 1571 1698 edixit,
1634 1625 1702 1681 ut
1757 1639 1914 1699 quos
1963 1619 2032 1681 L.
2084 1617 2416 1693 Quinctius
2477 1619 2710 1684 milites

317 1704 789 1787 conscripsisset
836 1712 898 1769 et
954 1725 1110 1785 quos
1165 1705 1350 1769 sociis
1408 1705 1775 1785 nominique
1822 1705 2049 1769 Latino
2096 1705 2488 1787 imperasset,
2553 1726 2710 1787 quos

316 1810 531 1854 secum
590 1791 656 1854 in
711 1792 1104 1874 provinciam
1160 1792 1251 1855 ire
1306 1798 1641 1874 oporteret,
1701 1800 1762 1854 et
1817 1792 2052 1854 tribuni
2110 1791 2378 1854 militum
2441 1792 2709 1874 legionis

314 1877 556 1959 primae
618 1884 681 1941 et
742 1878 983 1956 tertiae,
1055 1885 1125 1942 ut
1194 1878 1236 1940 ii
1309 1897 1528 1941 omnes
1589 1877 1996 1941 Brundisium
2066 1876 2278 1941 idibus
2338 1879 2498 1943 Mais
2572 1899 2709 1943 eon-

316 1964 623 2027 venirent.
696 1964 834 2047 ipse
879 1971 1030 2027 ante
1085 1964 1253 2027 diem
1301 1964 1591 2044 quintum
1647 1985 1849 2028 nonas
1904 1964 2105 2027 Maias
2159 1963 2499 2045 paludatus
2553 1967 2709 2029 urbe

315 2069 609 2133 egressus
656 2057 769 2114 est.
848 2071 963 2133 per
1019 2050 1273 2114 eosdem
1331 2050 1467 2114 dies
1524 2060 1585 2113 et
1645 2058 1968 2133 praetores
2028 2051 2093 2113 in
2155 2052 2515 2132 provincias
2574 2073 2710 2135 pro-

312 2135 465 2201 fecti
510 2144 674 2201 sunt.

521 2225 629 2289 IV.
695 2224 826 2289 Sub
874 2223 1043 2287 idem
1100 2233 1350 2307 tempus
1403 2225 1598 2306 legati
1651 2225 1733 2287 ab
1792 2223 2038 2288 duobus
2083 2224 2360 2306 regibus,
2415 2224 2710 2307 Philippo

315 2319 373 2372 et
417 2310 801 2390 Ptolomaeo,
863 2308 1164 2395 [Aegypti
1211 2309 1405 2396 rege],
1467 2312 1732 2374 Romam
1789 2318 2118 2389 venerunt,
2184 2311 2478 2394 Philippo
2538 2311 2709 2393 polli-

523 2505 567 2555 1.
606 2500 891 2568 Fregenae
927 2500 999 2568 M,
1034 2500 1270 2567 Cluver.,·
1312 2499 1542 2568 fregena
1579 2500 1624 2552 B
1650 2507 1699 2554 et
1734 2502 1845 2555 cod.
1874 2518 1992 2565 rea,
2031 2499 2246 2568 frigena
2271 2503 2350 2555 ed.
2379 2501 2662 2568 antiquiss,
2697 2500 2703 2568 Ι

312 2589 359 2640 2.
399 2584 660 2639 Sinuessa
704 2586 835 2652 (MP)
881 2588 959 2640 ed.
1008 2587 1258 2656 Moyunt.
1306 2594 1354 2641 et
1398 2605 1499 2655 seq.
1549 2587 1638 2654 (ef.
1688 2588 1851 2649 VIII,
1897 2592 1984 2654 11,
2028 2592 2093 2641 11
2106 2607 2126 2653 ;
2177 2589 2252 2653 X,
2299 2591 2382 2653 21,
2427 2589 2517 2652 8);
2561 2585 2708 2639 sinu-

313 2687 434 2724 esse
470 2672 535 2739 B,
573 2672 859 2726 sinuessae
896 2675 1009 2728 eod.
1049 2691 1148 2728 ree.
1189 2681 1237 2727 et
1273 2674 1350 2727 ed.
1390 2675 1677 2741 antiquiss.
1713 2673 1721 2739 Ι
1753 2675 1800 2726 3.
1840 2677 2124 2726 certarunt
2158 2675 2294 2729 Lor.
2334 2679 2396 2739 3;
2431 2676 2709 2725 certarent

311 2759 374 2826 B,
413 2763 768 2811 certauerunt
804 2761 881 2813 ed.
920 2767 1014 2814 vet.
1056 2778 1191 2828 quas
1227 2762 1342 2814 vidi
1379 2778 1578 2816 omnes.
1613 2760 1620 2826 Ι
1654 2775 1721 2812 m.
1758 2760 1821 2812 B.
1865 2762 1872 2826 Ι
1912 2763 1960 2813 4.
2001 2758 2191 2812 retulit
2227 2760 2289 2811 B.
2323 2763 2331 2823 Ι
2374 2764 2420 2814 5.
2459 2776 2531 2812 an
2569 2759 2707 2812 satis

314 2849 462 2898 esset
522 2844 593 2897 ad
655 2844 988 2912 praesidium
1043 2844 1270 2913 aliquod
1325 2845 1444 2898 eius
1506 2845 1744 2898 nuntiari
1799 2847 2066 2914 Kreyssiy
2125 2847 2215 2912 (cf.
2257 2846 2489 2911 XXXI,
2541 2850 2593 2909 8,
2646 2851 2710 2912 3,·

312 2933 672 2999 XXXVIII,
709 2937 795 2999 46,
830 2935 949 2999 11),·
993 2948 1063 2985 an
1110 2932 1247 2985 satis
1294 2938 1444 2986 esset
1490 2932 1561 2985 ad
1607 2931 1942 2999 praesidium
1989 2930 2214 3000 aliquod
2261 2931 2381 2984 eius
2428 2931 2709 2984 nuntiaret

312 3019 374 3085 B,
424 3033 494 3070 an
540 3018 612 3070 ad
656 3016 993 3086 praesidium
1039 3018 1386 3072 nuntiaretur
1430 3018 1502 3085 M,
1551 3020 1957 3084 Drakenborch,
2006 3018 2232 3087 aliquod
2281 3018 2399 3071 eius
2445 3019 2703 3072 nuntiare

313 3105 448 3160 Lov.
489 3110 518 3157 1
557 3107 670 3169 (rel.
707 3106 821 3160 cod.
850 3112 898 3159 et
922 3107 1001 3159 ed.
1029 3112 1123 3160 vet.
1154 3124 1275 3160 cum
1311 3105 1356 3157 B
1395 3107 1753 3172 consentiunt,
1792 3107 1905 3159 nisi
1941 3107 2086 3173 quod
2121 3107 2318 3160 habent
2353 3105 2646 3171 nuntiare).
2697 3107 2702 3173 Ι

314 3193 362 3243 6.
409 3189 627 3243 iuberet
672 3191 718 3243 B
765 3198 812 3245 et
858 3193 1113 3247 nonnulli
1159 3194 1271 3248 cod.
1311 3210 1409 3246 ree.
1450 3193 1606 3257 (Lov.
1653 3193 1726 3257 2).
1770 3192 1778 3258 Ι
1822 3195 1869 3246 9.
1909 3190 2075 3243 nie-hil
2112 3191 2174 3243 B.
2218 3193 2226 3256 Ι
2271 3193 2349 3244 13.
2400 3190 2704 3244 calchidem

312 3276 375 3328 B.
409 3279 416 3342 Ι
452 3280 530 3331 17.
569 3277 987 3345 conscripsisset
1024 3283 1080 3330 et
1125 3293 1265 3345 quos
1311 3296 1411 3344 om,
1450 3278 1512 3331 B.
1546 3279 1554 3342 Ι
1591 3281 1670 3333 18.
1718 3293 1906 3330 secum
1943 3296 2044 3332 om..
2083 3277 2144 3329 B.
2179 3279 2186 3341 Ι
2223 3281 2301 3330 19.
2340 3283 2403 3329 ut
2441 3277 2478 3329 ii
2514 3293 2708 3331 omnes

323 3365 725 3431 Weissenborn,
760 3365 842 3417 uti
879 3380 1070 3417 omnes
1107 3367 1186 3419 ed.
1226 3373 1339 3431 vet„
1377 3370 1439 3417 ut
1476 3379 1666 3417 omnes
1703 3366 1818 3419 cod.
1857 3382 1976 3432 rea,
2015 3363 2097 3416 uti
2134 3362 2384 3416 homines
2419 3364 2465 3416 B
2505 3371 2553 3418 et
2589 3367 2705 3420 cod.

313 3466 431 3514 rec„
470 3453 533 3501 ut
569 3448 623 3501 hi
650 3466 838 3503 omnes
869 3452 1096 3506 Crevier.
1132 3451 1139 3518 Ι
1172 3451 1562 3504 conuenissent
1584 3450 1647 3502 Β.
1681 3452 1689 3515 Ι
1721 3453 1804 3504 20.
1832 3449 1951 3515 ipse
1977 3450 2064 3502 ad.
2087 3449 2156 3503 V.
2183 3450 2244 3503 B.
2279 3454 2284 3513 Ι
2319 3452 2401 3504 23.
2440 3449 2615 3517 legati
2640 3450 2705 3518 B,

313 3536 428 3589 cod.
466 3553 567 3589 ree.
606 3544 654 3590 et
679 3538 758 3590 ed.
795 3545 888 3592 vet.
900 3558 919 3604 ;
957 3542 1012 3589 et
1047 3537 1220 3604 legati
1257 3536 1329 3603 M,
1365 3542 1401 3591 2
1438 3538 1551 3592 eod.
1579 3554 1677 3592 ree.
1713 3537 1720 3603 Ι
1753 3535 2005 3603 Philippo
2032 3541 2088 3588 et
2124 3536 2447 3589 Ptolomaeo
2471 3536 2707 3589 Romam

313 3623 360 3674 I.
373 3622 440 3675 F.
459 3621 782 3686 Gronoviu3‚
806 3626 874 3691 cf.
896 3625 1127 3692 Madvig]
1148 3625 1270 3677 Em.
1294 3625 1362 3676 L.
1378 3642 1437 3691 p.
1461 3628 1566 3676 518
1574 3644 1591 3689 ,·
1619 3622 1864 3690 philippo
1884 3624 2197 3690 ptolomaeo
2219 3622 2448 3692 aegypti
2468 3637 2602 3690 rege
2622 3639 2707 3676 ro-

313 3722 457 3759 mam
467 3706 530 3775 B,
550 3707 803 3776 Philippo
828 3714 882 3762 et
894 3709 1217 3762 Ptolomaeo
1229 3709 1489 3777 Aegypti
1506 3723 1638 3776 rege
1649 3709 1885 3762 Romam
1897 3712 2010 3765 eod.
2031 3728 2130 3765 rec.
2153 3718 2201 3764 et
2221 3711 2426 3776 ed.vet.,
2450 3708 2706 3777 Philippo

312 3792 669 3847 Macedoniae
691 3799 747 3847 et
766 3795 1083 3848 Ptolemaeo
1096 3794 1353 3862 Aegypti
1373 3795 1608 3848 Romam
1624 3813 1688 3850 ex
1699 3797 1811 3850 cod.
1836 3797 2034 3851 Victor.
2058 3796 2281 3850 Crevier.
2307 3795 2313 3864 Ι
2340 3797 2422 3849 24.
2443 3794 2708 3863 Philippo

2790 695 2822 741 5

2753 1128 2819 1173 10

2752 1558 2820 1605 15

2746 1990 2820 2037 20
