2925 4278
643 159 864 212 LIBER
904 160 1197 214 XXXVII.
1237 160 1390 214 cAP.
1417 163 1499 215 37.
1526 163 1607 216 ss.
1649 160 1721 228 [a.
1751 160 1813 215 U.
1841 176 1885 214 ο.
1913 162 2055 230 564].
2456 142 2537 206 91

156 343 388 400 terram
438 355 751 419 egressuS,
799 355 880 399 ne
926 334 1178 400 deesset
1223 335 1547 420 principiis
1591 355 1818 415 rerum,
1851 355 1978 416 qua
2007 335 2367 419 proximum
2399 335 2539 416 fuit,

159 424 222 487 in
266 429 482 487 castra
528 423 814 486 Romana
859 442 1001 486 cum
1048 442 1248 507 parva
1306 442 1498 486 manu
1555 421 1895 487 contendit.
1990 442 2071 486 ex
2135 423 2356 487 castris
2401 424 2542 487 Per-

159 529 415 593 gamum
473 509 772 573 remissus
831 509 916 573 ad
977 516 1360 573 commeatus
1421 508 1874 593 expediendos,
1937 509 2166 575 tradito
2226 508 2542 575 frumento

160 596 389 677 quibus
433 595 704 659 iusserat
764 597 998 675 consul,
1060 596 1126 660 in
1187 594 1411 660 eadem
1472 596 1702 660 stativa
1760 595 1963 659 rediit.
2055 595 2206 660 inde
2273 596 2544 679 plurium

94 703 125 749 5
163 682 402 747 dierum
450 684 840 766 praeparatis
887 682 1138 746 cibariis
1185 681 1514 746 consilium
1560 690 1694 747 erat
1746 682 1837 747 ire
1884 681 1966 745 ad
2024 682 2289 765 hostem,
2350 682 2544 766 prius-

166 789 351 850 quam
398 768 604 833 hiems
650 769 1044 852 opprimeret.

366 854 571 939 Regia
617 863 820 919 castra
867 856 1032 919 circa
1075 854 1447 938 Thyatiram
1495 862 1689 919 erant.
1781 855 1890 920 ubi
1937 876 2080 919 cum
2110 855 2393 920 audisset
2421 856 2545 918 An-

165 941 409 1007 tiochus
440 943 508 1006 P.
543 941 906 1025 Scipionem
938 962 1200 1024 aegrum
1230 942 1490 1005 Elaeam
1538 941 1834 1023 delatum,
1885 942 2145 1026 legatos,
2194 942 2301 1023 qui
2346 942 2545 1005 filium

162 1027 244 1092 ad
290 1048 436 1092 eum
482 1027 873 1109 reducerent,
921 1029 1106 1093 misit.
1199 1048 1326 1092 non
1371 1029 1582 1092 animo
1627 1029 1827 1093 solum
1873 1030 2080 1129 patrio
2120 1035 2372 1112 gratum
2417 1049 2545 1092 mu·

66 1135 126 1183 10
161 1135 297 1196 nuS,
349 1113 464 1178 sed
509 1115 751 1198 corpori
798 1135 1046 1196 quoque
1091 1115 1341 1180 salubre
1383 1113 1690 1216 gaudium
1749 1114 1902 1198 fuit3
1966 1116 2353 1197 satiatusque
2414 1123 2546 1179 tan-

162 1202 308 1265 dem
356 1202 690 1285 complexu
736 1201 845 1265 filii
896 1202 1328 1284 „renuntiate“
1379 1201 1583 1284 inquit
1632 1201 1908 1287 „gratias
1964 1202 2098 1284 regi
2158 1222 2258 1266 me
2318 1222 2544 1285 agere:

160 1289 399 1354 referre
460 1287 650 1352 aliam
709 1288 976 1372 gratiam
1038 1308 1207 1352 nunc
1267 1309 1393 1353 non
1453 1308 1659 1372 posse,
1724 1308 1911 1370 quam
1974 1295 2039 1351 ut
2085 1286 2407 1367 suadeam,
2465 1309 2546 1353 ne

160 1381 313 1439 ante
362 1375 427 1438 in
472 1374 674 1439 aciem
723 1374 1090 1451 descendat
1139 1396 1325 1457 quam
1371 1375 1437 1438 in
1486 1381 1691 1439 castra
1751 1394 1851 1438 me
1911 1373 2151 1440 redisse
2212 1373 2499 1439 audierit.
2513 1377 2542 1410 “

161 1481 545 1545 quamquam
592 1462 928 1545 sexaginta
974 1461 1146 1526 milia
1190 1460 1493 1545 peditum,
1526 1461 1667 1543 plus
1697 1459 2031 1525 duodecim
2062 1461 2234 1525 milia
2265 1461 2548 1544 equitum

67 1571 124 1618 15
160 1549 410 1613 animos
469 1546 784 1612 interdum
845 1547 928 1612 ad
984 1568 1162 1631 spem
1229 1548 1590 1612 certaminis
1655 1547 2004 1628 faciebant,
2066 1555 2271 1613 motus
2334 1555 2546 1613 tamen

158 1633 510 1700 Antiochus
557 1635 716 1699 tanti
761 1634 1133 1699 auctoritate
1178 1636 1316 1714 viri,
1363 1635 1429 1699 in
1476 1654 1599 1715 quo
1643 1633 1726 1697 ad
1772 1634 2043 1700 incertos
2089 1635 2236 1700 belli
2283 1641 2547 1700 eventus

162 1722 366 1786 omnis
412 1720 701 1785 fortunae
747 1728 1042 1806 posuerat
1088 1720 1391 1802 subsidia,
1423 1721 1662 1806 recepit
1695 1741 1763 1786 se
1796 1729 1858 1786 et
1890 1728 2322 1805 transgressus
2353 1721 2546 1805 Phry-

166 1808 337 1891 gium
383 1828 637 1872 amnem
684 1808 851 1873 circa
894 1808 1309 1891 Magnesiam,
1359 1828 1520 1889 quae
1565 1807 1647 1872 ad
1695 1808 1987 1892 Sipylum
2035 1815 2148 1890 est,
2195 1808 2406 1892 posuit
2452 1828 2547 1872 ca-

162 1902 318 1978 stra3
370 1901 435 1959 et
479 1915 580 1975 ne,
628 1895 680 1959 si
728 1893 1062 1960 extrahere
1107 1900 1355 1978 tempus
1386 1895 1595 1974 vellet,
1631 1896 2022 1959 munimenta
2052 1895 2320 1958 Romani
2353 1902 2544 1979 temp-

68 2000 126 2048 20
158 1987 387 2061 tarent,
435 1981 670 2046 fossam
717 2001 833 2046 sex
881 1981 1093 2046 cubita
1137 1982 1348 2062 altam,
1398 1980 1731 2046 duodecim
1789 1983 1980 2044 latam
2036 2001 2178 2045 cum
2239 1980 2543 2060 duxisset,

158 2074 344 2132 extra
388 2066 627 2153 duplex
673 2069 910 2132 vallum
955 2067 1164 2132 fossae
1212 2066 1640 2147 circumdedit,
1703 2067 1995 2132 interiore
2056 2067 2231 2131 labro
2302 2088 2545 2131 murum

160 2177 302 2220 cum
350 2156 627 2219 turribus
673 2155 909 2220 crebris
964 2155 1213 2236 obiecit,
1274 2154 1443 2220 unde
1504 2155 1692 2219 facile
1751 2155 1949 2219 arceri
2009 2155 2279 2219 transitu
2339 2155 2547 2220 fossae

161 2240 363 2307 hostis
409 2249 640 2325 posset.

368 2329 737 2392 XXXVIII.
790 2329 1023 2394 Consul
1069 2329 1233 2392 circa
1277 2326 1649 2410 Thyatiram
1698 2348 1834 2392 esse
1879 2347 2095 2411 regem
2149 2334 2342 2407 ratus,
2406 2347 2547 2392 con-

66 2432 122 2481 25
157 2415 355 2479 tinuis
417 2414 748 2480 itineribus
795 2416 1012 2497 quinto
1075 2414 1177 2479 die
1237 2414 1320 2478 ad
1381 2414 1774 2497 Hyrcanium
1843 2434 2136 2497 campum
2196 2412 2545 2478 descendit.

152 2501 304 2566 inde
368 2521 511 2565 cum
566 2502 917 2585 profectum
977 2499 1277 2580 audisset,
1340 2506 1590 2565 secutus
1652 2501 1921 2583 vestigia
1982 2500 2134 2564 citra
2200 2500 2550 2583 Phrygium

151 2608 431 2668 amnem,
480 2595 773 2669 quattuor
818 2588 991 2651 milia
1035 2588 1116 2651 ab
1162 2587 1362 2666 hoste,
1410 2587 1620 2671 posuit
1665 2595 1888 2650 castra.
1981 2606 2055 2650 eo
2119 2587 2288 2650 mille
2349 2588 2547 2651 ferme

152 2676 404 2757 equites
466 2712 551 2721 --
597 2676 878 2739 maxima
936 2693 1082 2758 pars
1142 2673 1537 2757 Gallograeci
1600 2680 1797 2752 erant,
1862 2679 1925 2737 et
1989 2672 2216 2736 Dahae
2288 2672 2546 2754 quidam

162 2867 548 2921 Weissenborn
584 2866 663 2919 ed.
695 2866 891 2919 Teubn.
912 2882 972 2933 p.
1000 2865 1134 2917 XX.
1169 2865 1177 2927 1
1209 2863 1418 2917 Lecton
1446 2863 1515 2931 M,
1542 2864 1750 2930 Aldu33
1785 2862 1930 2916 lecto
1967 2862 2024 2915 in
2061 2863 2123 2916 B.
2157 2863 2165 2931 Ι
2196 2866 2245 2918 2.
2285 2878 2410 2916 cum
2447 2882 2549 2919 om.

153 2953 215 3006 B.
251 2955 258 3018 Ι
295 2956 342 3007 6.
383 2950 595 3019 hiemps
641 2969 706 3007 eae
749 2950 961 3019 hiepms
1009 2969 1143 3008 corr.
1173 2950 1236 3005 B.
1269 2954 1277 3016 1
1310 2954 1356 3004 7.
1395 2949 1582 3003 tiatir‘zi
1619 2950 1680 3003 B.
1712 2951 1721 3016 Ι
1757 2953 1835 3006 13.
1875 2967 2040 3019 quam
2081 2950 2134 3002 in
2172 2950 2243 3018 B,
2288 2966 2453 3019 quam
2488 2957 2552 3003 ut

152 3039 207 3092 in
247 3040 367 3094 cod.
396 3057 494 3093 ree.
523 3045 571 3092 et
608 3041 687 3093 ed.
725 3045 838 3105 vet„
875 3054 1039 3106 quam
1076 3036 1173 3090 ubi
1211 3037 1266 3090 in
1303 3040 1440 3092 coni.
1470 3039 1794 3107 Heusinyer.
1827 3040 1835 3105 Ι
1871 3041 1949 3093 14.
1990 3037 2088 3090 LX
2128 3036 2275 3091 milia
2312 3040 2425 3093 cod.
2464 3038 2550 3106 (B)

154 3133 203 3180 et
239 3128 323 3180 ed.
350 3127 639 3194 antiquiss.
651 3146 669 3190 ;
707 3126 996 3193 sexaginta
1034 3124 1144 3178 duo
1181 3124 1330 3176 milia
1366 3124 1436 3176 M.
1472 3127 1478 3190 Ι
1515 3128 1593 3178 17.
1632 3124 1839 3192 recepit
1876 3140 1935 3177 se
1969 3127 2137 3193 pauci
2173 3126 2286 3180 eod.
2313 3143 2429 3191 ree,
2467 3127 2547 3179 ed.

157 3215 293 3268 Par.
332 3218 474 3266 1510
517 3220 565 3266 et
608 3231 709 3281 seq.
722 3235 739 3276 ‚·
785 3212 992 3280 recepit
1028 3212 1091 3280 B,
1128 3211 1405 3279 recepisse
1442 3212 1558 3267 cod.
1597 3229 1699 3265 ree.
1730 3214 1976 3280 plerique
2011 3218 2060 3265 et
2105 3213 2184 3264 ed.
2224 3213 2508 3279 antiquiss.
2540 3211 2546 3280 Ι

158 3300 206 3352 ἃ
242 3305 630 3367 transgressus
667 3300 737 3368 B,
783 3303 1165 3368 transgressus
1212 3300 1325 3354 eod.
1352 3315 1451 3352 ree.
1479 3304 1527 3352 et
1561 3299 1639 3352 ed.
1667 3305 1779 3365 vet„
1820 3301 1971 3351 trans
2009 3299 2056 3351 I.
2084 3298 2153 3351 F.
2185 3298 2508 3353 Gronovius.
2541 3301 2545 3368 Ι

161 3389 242 3442 18.
295 3387 444 3439 circa
489 3387 623 3441 Lov.
647 3391 709 3449 2;
755 3385 959 3454 circaq3
1004 3389 1097 3440 rel.
1137 3386 1249 3442 cod.
1289 3384 1376 3452 (B)
1422 3392 1472 3439 et
1518 3385 1596 3438 ed.
1634 3391 1749 3451 vet„
1787 3387 1835 3439 1.
1871 3385 1937 3438 F.
1969 3385 2291 3439 Gronovius.
2326 3385 2333 3452 Ι
2368 3385 2551 3452 sypilu

158 3471 221 3526 B.
256 3476 264 3539 Ι
303 3476 385 3528 19.
423 3487 508 3540 ne,
545 3471 593 3525 si
634 3474 904 3538 Gelenius,
941 3475 1021 3527 ed.
1049 3474 1225 3527 Basil.
1256 3476 1418 3534 1535,·
1467 3470 1572 3524 nisi
1619 3470 1690 3538 M,
1728 3485 1797 3524 ne
1844 3471 1905 3537 B,
1953 3486 2020 3524 ne
2066 3469 2196 3523 dum
2235 3472 2349 3526 cod.
2378 3489 2477 3526 rec.
2504 3478 2552 3525 et

159 3561 239 3614 ed.
273 3561 561 3630 antiquiss.
597 3561 605 3624 Ι
636 3562 719 3614 24.
767 3560 975 3628 tyatirfi
1023 3560 1083 3612 Β.
1127 3563 1134 3622 Ι
1175 3562 1257 3615 25.
1306 3558 1572 3626 hyrcani&
1621 3558 1666 3610 B
1713 3559 2147 3624 (Dral.·enborchi
2191 3560 2551 3612 coniecturam

159 3650 508 3716 confir-mans,
547 3650 615 3715 cf.
645 3648 825 3702 Sto-ab.
852 3648 1033 3716 XIII,
1060 3651 1106 3710 4,
1134 3652 1203 3700 13
1238 3649 1299 3697 τὸ
1328 3644 1622 3714 Ὑρκάνιον
1659 3646 1876 3711 πεδίον)
1887 3666 1903 3706 ,·
1939 3643 2274 3713 hyrcaneum
2310 3646 2391 3698 vel
2426 3643 2552 3712 hyr-

160 3746 380 3785 camum
403 3734 652 3788 nonnull.
679 3734 794 3789 eod.
819 3750 920 3788 rec.
946 3740 994 3787 et
1021 3735 1100 3787 ed.
1127 3739 1256 3799 ant„
1284 3731 1607 3799 Hyrcanum
1643 3748 1744 3787 ree.
1764 3733 2023 3800 plerique.
2058 3733 2065 3794 1
2097 3733 2181 3784 26.
2206 3730 2350 3783 circa
2386 3729 2551 3799 phry-

163 3818 315 3886 gium
353 3817 458 3886 Β.1

2613 434 2645 481 5

2585 1908 2650 1955 10

2589 2082 2646 2129 11
