2925 4278
601 188 826 241 LIBER
863 188 1190 242 xxxvm.
1230 188 1394 242 oAP.
1422 191 1505 243 39.
1532 192 1613 243 40.
1654 189 1720 257 [a.
1750 189 1814 242 U.
1841 205 1886 242 ο.
1914 191 2050 258 5661
2392 173 2514 237 163

121 363 388 429 Milesiis
434 383 620 444 quem
667 384 914 428 sacrum
958 364 1284 448 appellant
1326 384 1549 447 agrum
1595 364 2020 445 restituerunt,
2072 371 2133 427 et
2176 365 2515 430 Iliensibus
2555 379 2620 427 10

121 450 481 516 Rhoeteum
536 456 599 513 et
651 451 1026 533 Gergithum
1080 448 1481 531 addiderunt,
1545 471 1674 516 non
1729 456 1859 514 tam
1914 453 1992 517 ob
2049 453 2328 516 recentia
2388 452 2516 516 ulla

122 537 356 602 merita
400 556 588 618 quam
634 537 946 620 originum
993 537 1312 601 memoria.
1405 537 1628 602 eadem
1676 544 1739 602 et
1781 536 2152 602 Dardanum
2204 538 2518 604 liberandi
2558 554 2618 599 11

124 645 321 690 causa
367 623 503 687 fuit.
596 623 787 688 Chios
834 644 1081 705 quoque
1136 630 1198 688 et
1240 625 1633 706 Zmyrnaeos
1685 630 1749 688 61
1792 624 2178 707 Erythraeos
2231 645 2344 709 pro
2399 625 2518 689 sin-

59 731 89 778 5
122 710 332 796 gulari
377 708 523 790 fide,
579 729 769 791 quam
821 731 896 775 eo
941 711 1107 776 bello
1150 710 1620 795 praestiterunt,
1678 717 1741 775 et
1783 732 1937 794 agro
1985 709 2300 776 donarunt
2345 718 2408 776 et
2452 712 2516 775 in

124 797 299 863 omni
345 796 685 881 praecipuo
731 797 967 862 honore
1011 797 1387 862 habuerunt.
1465 797 1978 863 Phocaeensibus
2018 804 2080 862 et
2109 819 2282 881 ager,
2331 818 2521 881 quem
2562 811 2624 858 12

17 936 22 981 ι
123 891 277 949 31116
324 883 557 948 1161111111
598 882 971 965 habuerant,
1016 883 1322 965 redditus,
1370 891 1433 949 et
1478 890 1548 948 ut
1583 884 1831 967 legibus
1874 884 2152 966 antiquis
2195 891 2521 950 uterentur
2606 904 2609 907 “

17 990 20 1053 μ
125 971 524 1055 permissum.
617 970 881 1036 Rhodiis
936 971 1269 1049 affirmata,
1325 991 1489 1052 quae
1542 970 1692 1035 data
1741 972 1945 1054 priore
2000 970 2253 1037 decreto
2309 980 2518 1057 erant;
2564 985 2624 1033 13

17 1058 20 1101 f
124 1058 332 1142 Lycia
378 1063 441 1120 et
487 1056 674 1121 Caria
719 1055 904 1120 datae
949 1078 1149 1139 usque
1203 1057 1286 1121 ad
1327 1057 1741 1122 Maeandrum
1792 1078 2047 1122 amnem
2091 1064 2342 1142 praeter
2384 1060 2522 1124 Tel-

41 1163 91 1210 10
126 1164 426 1209 messum.
502 1143 639 1226 regi
683 1144 952 1208 Eumeni
999 1144 1460 1209 Chersonesum
1505 1144 1573 1207 111
1618 1145 1872 1228 Europa
1919 1151 1982 1208 et
2024 1145 2519 1228 Lysimachiam,
2561 1162 2626 1210 14

127 1230 391 1297 castella
435 1230 610 1295 vicos
664 1251 906 1314 agrum,
956 1231 1184 1312 quibus
1237 1230 1470 1296 finibus
1524 1236 1812 1295 tenuerat
1862 1231 2234 1313 AntiochuS,
2280 1232 2523 1297 adiece-

127 1324 304 1401 runt3
353 1317 419 1381 in
465 1318 619 1382 Asia
662 1317 1010 1400 Phrygiam
1055 1324 1387 1399 utramque
1433 1356 1519 1364 —
1564 1319 1827 1381 alteram
1885 1317 1965 1381 ad
2020 1320 2520 1403 Hellespontum,
2562 1335 2625 1383 15

128 1406 432 1470 maiorem
486 1405 751 1469 alteram
804 1411 1038 1470 vocant
1082 1443 1167 1450 —
1214 1411 1276 1468 et
1330 1404 1623 1487 Mysiam,
1684 1425 1870 1486 quam
1931 1406 2152 1470 Prusia
2212 1427 2326 1470 rex
2379 1404 2522 1471 ade-

128 1497 351 1571 merat,
407 1490 464 1554 ei
518 1491 945 1571 restituerunt,
1002 1497 1065 1554 et
1116 1491 1508 1574 Lycaoniam
1565 1497 1626 1554 et
1680 1490 1963 1574 Milyada
2018 1498 2080 1556 et
2130 1492 2403 1576 Lydiam
2460 1499 2525 1558 61
2565 1510 2626 1557 16

43 1594 94 1640 15
129 1577 503 1643 nominatim
543 1579 733 1642 urbes
771 1578 1009 1641 Tralles
1048 1584 1241 1659 atque
1280 1577 1602 1661 Ephesum
1644 1584 1707 1642 et
1736 1579 2146 1643 Telmessum.
2225 1579 2305 1644 de
2344 1581 2523 1643 Pam·
2563 1597 2625 1643 17

129 1664 356 1751 phylia
400 1662 821 1748 disceptatum
866 1664 1030 1727 inter
1073 1664 1422 1729 Eumenem
1464 1670 1528 1729 et
1558 1664 1856 1729 Antiochi
1885 1665 2129 1748 legatos
2161 1686 2302 1730 cum
2335 1673 2521 1747 esset,

133 1752 282 1834 quia
327 1771 475 1834 pars
530 1751 664 1816 eius
716 1751 872 1814 citra
924 1770 1071 1833 pars
1123 1752 1289 1815 ultra
1332 1752 1610 1815 Taurum
1668 1758 1780 1832 est,
1838 1773 1939 1814 res
1994 1752 2243 1836 integra
2294 1752 2380 1816 ad
2433 1773 2524 1818 se-

134 1844 355 1902 natum
401 1837 671 1902 reicitur.

339 1925 475 1989 XL.
524 1924 643 1988 His
695 1922 1057 1989 foederibus
1111 1924 1505 2007 decretisque
1561 1924 1726 1989 datis
1781 1926 2052 1990 Manlius
2108 1939 2249 1990 cum
2303 1925 2524 1991 decem
2603 1945 2624 1990 1

47 2028 100 2076 20
135 2011 360 2096 legatis
406 2011 702 2092 omnique
749 2011 1029 2075 exercitu
1077 2010 1161 2075 ad
1207 2012 1685 2095 Hellespontum
1732 2012 2068 2096 profectus,
2125 2013 2405 2078 evocatis
2452 2034 2524 2078 eo

133 2099 370 2184 regulis
425 2098 766 2179 Gallorum,
823 2098 1016 2181 leges,
1055 2099 1302 2180 quibus
1357 2119 1582 2183 pacem
1645 2119 1788 2164 cum
1841 2099 2125 2164 Eumene
2181 2107 2524 2182 servarent,

137 2186 326 2269 dixit3
385 2184 803 2265 denuntiavit,
857 2192 928 2249 ut
972 2205 1209 2249 morem
1264 2186 1544 2270 vagandi
1600 2207 1743 2251 cum
1798 2188 1989 2251 armis
2045 2186 2301 2250 finirent
2352 2208 2527 2270 agro-
2600 2205 2630 2252 2

136 2291 402 2354 rumque
462 2291 715 2336 suorum
774 2272 1058 2336 terminis
1118 2292 1187 2336 se
1248 2273 1659 2337 continerent.
1754 2274 2091 2338 contractis
2152 2272 2383 2338 deinde
2446 2294 2527 2338 ex
2601 2292 2632 2339 3

136 2359 307 2425 omni
353 2378 463 2422 ora
507 2358 778 2422 navibus
834 2363 895 2421 et
938 2358 1240 2422 Eumenis
1294 2360 1486 2423 6113111
1541 2359 1743 2423 013666
1798 2380 1911 2442 per
1955 2360 2355 2425 Athenaeum
2408 2360 2529 2424 fra·

53 2459 105 2506 25
137 2454 297 2513 trem
341 2445 513 2528 regis
556 2445 639 2509 ab
687 2445 884 2508 Elaea
928 2443 1205 2509 adducta
1229 2529 1232 2532 -
1258 2445 1470 2529 copias
1525 2465 1744 2509 omnes
1788 2446 1856 2509 in
1900 2446 2215 2530 Europam
2263 2448 2526 2512 traiecit.

137 2533 287 2599 inde
348 2552 463 2616 per
524 2531 986 2596 Chersonesum
1052 2530 1315 2596 modicis
1373 2531 1704 2596 itineribus
1772 2553 1968 2615 grave
2028 2533 2268 2616 praeda
2327 2535 2530 2598 omnis
2601 2550 2634 2597 4

138 2619 394 2704 generis
437 2621 670 2702 agmen
715 2618 974 2682 trahens
1019 2617 1466 2700 Lysimachiae
1513 2619 1747 2683 stativa
1789 2619 2029 2699 habuit,
2076 2626 2364 2702 utquam
2405 2641 2530 2684 ma-

141 2708 313 2771 xime
368 2706 728 2770 recentibus
784 2711 847 2769 et
900 2705 1163 2788 integris
1217 2704 1514 2769 iumentis
1567 2705 1960 2786 Thraeciam,
2008 2727 2121 2789 per
2174 2728 2361 2789 quam
2414 2708 2534 2770 iter

349 2899 399 2950 2.
431 2895 742 2947 Rhoeteum
778 2894 857 2947 ed.
883 2895 1063 2948 Basil.
1090 2897 1228 2948 1535
1252 2900 1299 2948 et
1334 2912 1469 2963 seq.,·
1506 2893 1722 2948 rhoeti‘a
1753 2895 1817 2964 B,
1854 2894 2127 2948 rhoetium
2165 2898 2280 2952 cod.
2305 2915 2404 2952 rec.
2423 2900 2537 2966 ple·

140 2986 293 3054 rique
326 2989 376 3037 et
400 2984 479 3036 ed.
514 2982 800 3051 antiquiss.
827 2979 833 3050 Ι
857 2980 1132 3048 gergitam
1160 2980 1223 3033 B.
1248 2979 1254 3050 1
1278 2983 1326 3034 4.
1355 2980 1635 3050 ymirneos
1661 2982 1723 3036 Β.
1749 2982 1754 3052 1
1778 2987 1826 3037 5.
1854 2983 2245 3051 praestiterant
2277 2983 2538 3050 Clericus,

150 3070 378 3125 Crevier.
412 3070 419 3136 Ι
453 3071 500 3123 6.
536 3065 985 3121 Phocaeensibus
1026 3069 1337 3137 „antiquior
1374 3069 1560 3124 lectio“
1606 3070 1786 3124 Gelen.
1822 3065 1895 3137 (M
1907 3070 1979 3138 ’ὣς
2016 3069 2386 3138 phocensibus
2424 3071 2541 3130 cod.

141 3156 226 3225 (B)
264 3163 315 3211 et
352 3157 431 3210 ed.
466 3156 752 3225 antiquiss
787 3156 795 3220 Ι
827 3157 875 3211 8.
901 3153 1091 3207 rhodis
1127 3154 1191 3207 Β.
1225 3157 1232 3220 Ι
1267 3158 1347 3210 10.
1380 3154 1810 3209 011616011611611111
1843 3158 1904 3210 Β.
1938 3159 1945 3222 Ι
1982 3160 2061 3212 11.
2087 3173 2252 3224 agros
2278 3156 2350 3226 M,
2375 3172 2542 3224 agros

144 3245 261 3298 eius
301 3245 382 3298 ed.
411 3244 588 3298 Basil.
612 3246 765 3297 1535.
802 3243 811 3310 Ι
847 3245 926 3297 12.
962 3241 1181 3310 frigiam
1218 3242 1279 3296 Β.
1313 3245 1321 3309 1
1359 3245 1438 3298 13.
1477 3243 1671 3311 prysia
1706 3245 1767 3297 Β.
1802 3247 1810 3309 Ι
1846 3246 1924 3299 14.
1963 3245 2011 3297 &
2044 3245 2408 3297 restituerunt
2438 3245 2499 3297 Β.
2532 3245 2539 3316 Ι

148 3338 204 3385 61
240 3329 581 3400 Lycaoniam
619 3331 935 3396 Sabellicus,
975 3331 1053 3384 ed.
1081 3330 1263 3385 Paris.
1291 3334 1455 3398 1510‚·
1504 3334 1567 3382 ut
1611 3330 1884 3398 lucaniam
1930 3331 1975 3383 B
2020 3338 2069 3386 et
2112 3332 2190 3386 ed.
2217 3332 2500 3400 antiquiss.
2533 3331 2541 3401 Ι

145 3416 430 3471 miliadam
465 3417 527 3470 Β.
561 3419 568 3482 Ι
605 3420 684 3472 15.
722 3415 896 3469 1131116
933 3416 995 3469 Β.
1029 3418 1038 3482 Ι
1072 3418 1153 3470 17.
1191 3432 1291 3483 par
1324 3417 1564 3470 lustrata
1600 3420 1818 3469 taurum
1855 3422 1941 3470 est
1974 3417 2036 3470 Β.
2070 3419 2077 3484 Ι
2109 3433 2196 3471 166
2221 3417 2437 3485 integra
2474 3418 2547 3471 ad

150 3510 406 3558 senatum
438 3505 652 3572 scripsi,
687 3506 755 3572 cf.
795 3505 941 3558 Berl.
968 3504 1108 3571 phil.
1140 3504 1512 3558 Wochenschr.
1554 3508 1691 3557 1891
1721 3522 1781 3572 p.
1821 3508 1980 3567 103&
2021 3503 2239 3572 integra
2283 3504 2354 3558 ad
2392 3521 2547 3558 sena-

147 3596 267 3644 tum
304 3592 420 3647 cod.
439 3592 686 3660 plerique
720 3590 803 3658 (B,
840 3591 973 3644 Lov.
999 3590 1056 3656 2)
1097 3596 1146 3644 et
1181 3591 1259 3644 ed.
1297 3592 1599 3659 antiquiss„
1646 3590 1717 3643 ad
1755 3594 2006 3643 senatum
2041 3591 2258 3659 integra
2295 3594 2410 3648 cod.
2443 3611 2545 3648 rec.

149 3680 372 3748 (Voss),
408 3678 625 3746 integra
668 3692 756 3730 res
802 3676 873 3729 ad
917 3680 1173 3730 senatum
1219 3678 1299 3731 ed.
1336 3678 1512 3733 Basil.
1541 3685 1591 3733 et
1625 3695 1747 3746 seq„
1783 3676 2001 3745 integra
2046 3677 2118 3730 ad
2163 3684 2415 3732 senatum
2461 3696 2548 3734 res

153 3767 341 3833 Hertz,
387 3766 599 3833 Ussing.
634 3765 642 3829 1
674 3765 757 3818 22.
795 3778 973 3817 1110166
1017 3764 1080 3816 Β.
1114 3766 1121 3829 Ι
1153 3766 1236 3818 24.
1274 3764 1453 3817 classe
1507 3763 1925 3833 iperatheneum
1970 3764 2030 3816 B.
2065 3768 2073 3826 Ι
2104 3767 2188 3819 26.
2235 3764 2550 3819 chersones·

156 3867 279 3905 sum
314 3851 375 3905 B.
409 3853 418 3917 1
448 3849 678 3904 modicis
722 3868 822 3906 om.
848 3849 910 3903 B.
944 3851 951 3916 Ι
1706 3848 1709 3851 ’

2141 3938 2242 3987 1Ιῦ
