2925 4278
444 152 568 214 164
795 224 800 233 ,
957 170 1183 223 LIBER
1219 170 1547 224 xxxvnl.
1585 170 1752 224 CAP.
1778 174 1860 226 40.
1902 170 1975 239 [a.
2002 170 2066 225 U.
2094 187 2138 226 ο.
2166 173 2309 242 566].

369 355 401 402 ὃ
438 345 629 428 vulgo
675 344 1033 427 horrebant,
1082 345 1534 429 ingrederetur.
1620 367 1742 428 quo
1788 347 2106 430 profectus
2152 353 2248 413 est
2290 348 2371 412 ab
2416 344 2815 430 Lysimachia

438 431 558 508 die,
606 431 690 496 ad
736 453 990 497 amnem
1034 432 1285 496 Melana
1339 452 1527 514 quem
1572 443 1821 512 vocant,
1878 433 2027 499 inde
2083 441 2332 518 postero
2385 433 2488 497 die
2549 432 2814 516 Cypsela

370 529 400 573 6
437 520 744 602 pervenit.
837 540 878 583 a
933 519 1225 603 Cypselis
1277 520 1384 583 via
1437 519 1658 584 decem
1711 520 1951 585 milium
2007 521 2140 586 fere
2197 520 2499 586 silvestris
2555 526 2816 602 angusta

439 604 814 689 confragosa
845 607 1223 689 excipiebat,
1259 612 1514 690 propter
1561 607 1738 671 cuius
1783 606 2223 672 difficultatem
2267 607 2510 672 itineris
2555 607 2624 670 in
2669 605 2815 670 duas

436 699 650 776 partes
695 692 937 758 divisus
982 693 1324 778 exercitus3
1381 698 1445 757 et
1489 693 1871 776 praecedere
1925 714 2054 758 una
2099 695 2290 774 iussa,
2346 694 2547 758 altera
2592 712 2813 776 magno
2871 706 2884 751 ε

435 779 768 844 intervallo
801 799 1028 863 cogere
1067 800 1318 863 agmen,
1358 779 1571 844 media
1609 780 2064 863 impedimenta
2101 781 2501 864 interposuit:
2545 780 2815 864 plaustra

370 876 398 922 7
438 886 581 930 cum
626 867 899 950 pecunia
944 867 1199 949 publica
1245 873 1426 930 erant
1469 867 1871 949 pretiosaque
1915 868 2042 931 alia
2071 867 2328 951 praeda.
2390 867 2480 930 ita
2527 887 2671 930 cum
2714 885 2815 950 per

437 953 665 1017 saltum
720 954 858 1033 iret,
913 953 1266 1017 Thraecum
1322 952 1543 1017 decem
1597 953 1771 1018 haud
1829 954 2101 1038 amplius
2153 954 2329 1021 milia
2389 974 2470 1018 ex
2533 959 2811 1034 quattuor

436 1040 702 1123 populis,
759 1040 920 1103 Astii
978 1046 1040 1103 et
1085 1039 1284 1104 Caeni
1340 1046 1402 1104 et
1445 1039 1810 1105 Maduateni
1866 1047 1929 1106 et
1984 1041 2208 1120 Coreli,
2265 1039 2350 1104 ad
2403 1040 2580 1123 ipsas
2635 1058 2806 1121 angu-

368 1137 400 1183 8
437 1127 590 1190 stias
635 1127 805 1190 viam
860 1125 1411 1191 circumsederunt.
1504 1127 1715 1209 opinio
1771 1133 1907 1192 erat
1951 1147 2076 1191 non
2124 1127 2262 1192 sine
2304 1125 2586 1210 Philippi
2629 1127 2810 1189 Mace·
2844 1136 2884 1181 1¹3

437 1212 673 1277 donum
725 1213 895 1296 regis
947 1211 1171 1277 fraude
1224 1212 1291 1276 id
1334 1213 1602 1297 factum3
1660 1234 1803 1278 eum
1859 1214 2053 1278 scisse
2108 1234 2233 1278 non
2288 1213 2415 1277 alia
2470 1233 2662 1295 quam
2714 1232 2811 1296 per

434 1299 808 1364 Thraeciam
855 1299 1163 1364 redituros
1206 1301 1545 1379 RomanOS,
1593 1307 1656 1363 et
1703 1308 2004 1381 quantam
2047 1300 2384 1384 pecuniam
2430 1319 2648 1364 secum
2691 1318 2811 1382 por-

366 1398 396 1443 9
435 1393 659 1451 tarent.
753 1387 817 1450 in
873 1387 1074 1470 primo
1127 1387 1383 1469 agmine
1437 1387 1777 1469 imperator
1831 1395 1985 1467 erat,
2049 1387 2351 1452 sollicitus
2403 1393 2662 1471 propter
2712 1383 2810 1448 ini-

436 1474 738 1555 quitatem
799 1474 1095 1538 locorum.
1187 1472 1504 1537 Thraeces
1562 1473 1721 1537 nihil
1781 1494 1849 1539 se
1910 1480 2268 1554 moverunt,
2332 1473 2540 1539 donec
2601 1470 2808 1536 armati

337 1572 398 1617 10
436 1560 793 1624 transirent.
869 1565 1205 1644 postquam
1244 1560 1480 1642 primos
1520 1580 1851 1643 superasse
1884 1560 2214 1644 angustias
2244 1559 2562 1640 viderunt,
2595 1565 2808 1644 postre-
2839 1568 2883 1615 15

434 1666 570 1709 mos
617 1645 896 1710 nondum
940 1647 1543 1730 appropinquantes,
1590 1646 2047 1730 impedimenta
2086 1653 2149 1711 et
2179 1647 2461 1713 sarcinas
2492 1645 2805 1721 invadunt,

435 1732 762 1813 caesisque
795 1732 1160 1797 custodibus
1200 1734 1430 1817 partim
1478 1753 1573 1812 ea,
1622 1754 1784 1815 quae
1829 1734 1894 1797 in
1941 1734 2240 1818 plaustris
2285 1740 2485 1814 erant,
2536 1733 2803 1816 diripere,

334 1830 394 1877 11
433 1817 662 1902 partim
709 1820 824 1883 sub
871 1820 1174 1884 oneribus
1219 1820 1502 1883 iumenta
1546 1820 1931 1885 abstrahere.
2008 1819 2179 1885 unde
2225 1826 2565 1904 postquam
2596 1820 2805 1884 clamor

431 1906 702 1989 primum
762 1904 846 1969 ad
908 1925 1043 1985 eOS,
1108 1906 1214 1987 qui
1274 1906 1399 1969 iam
1460 1907 1730 1989 ingressi
1791 1907 2019 1971 saltum
2081 1907 2529 1988 sequebantur,
2594 1901 2800 1970 deinde

433 1992 622 2056 etiam
668 1991 752 2055 ad
796 1992 1065 2075 primum
1111 2011 1340 2075 agmen
1390 1998 1485 2057 est
1529 1994 1826 2076 perlatuS,
1884 1993 2193 2075 utrimque
2242 1994 2306 2057 in
2353 1993 2637 2058 medium
2680 2009 2795 2056 con·
2824 2000 2875 2045 20

434 2079 720 2160 curritur,
769 2085 831 2144 et
875 2077 1300 2144 inordinatum
1348 2079 1631 2164 pluribus
1677 2080 1860 2146 simul
1905 2081 2058 2145 locis
2102 2080 2410 2165 proelium
2452 2078 2789 2147 conseritur.

331 2178 392 2225 12
431 2166 752 2231 Thraecas
796 2166 1034 2250 praeda
1076 2167 1218 2251 ipsa
1262 2166 1600 2250 impeditos
1645 2168 1941 2232 oneribus
1988 2174 2050 2232 et
2091 2169 2444 2252 plerosque,
2494 2175 2568 2232 ut
2610 2165 2690 2230 ad
2723 2182 2797 2227 ra-

430 2253 733 2336 piendum
790 2274 1015 2318 manus
1069 2273 1307 2318 vacuas
1359 2254 1687 2334 haberent,
1743 2255 2017 2319 inermes
2070 2253 2155 2318 ad
2210 2254 2472 2320 caedem
2529 2251 2794 2338 praebet;

429 2342 749 2406 Romanos
804 2340 1103 2420 iniquitas
1156 2341 1433 2406 locorum
1488 2341 1776 2406 barbaris
1818 2362 1934 2425 per
1978 2343 2169 2406 calles
2214 2348 2400 2406 notas
2444 2335 2800 2407 occursanti-

329 2441 391 2486 13
429 2428 550 2492 bus
597 2434 659 2490 et
698 2428 1039 2492 latentibus
1078 2427 1394 2491 interdum
1432 2447 1546 2511 per
1587 2448 1777 2492 cavas
1822 2429 2019 2493 valles
2057 2427 2383 2512 prodebat.
2448 2428 2593 2512 ipsa
2630 2425 2800 2490 etiam
2830 2430 2876 2477 25

430 2533 623 2578 onera
668 2514 1091 2596 plaustraque,
1139 2521 1208 2577 ut
1252 2514 1381 2578 fors
1424 2514 1586 2595 tulit,
1641 2513 1740 2578 his
1792 2523 1900 2579 aut
1943 2515 2066 2579 illis
2120 2513 2516 2579 incommode
2574 2512 2801 2578 obiecta

328 2612 393 2659 14
429 2601 861 2682 pugnantibus
905 2601 1357 2684 impedimento
1405 2606 1568 2664 sunt.
1658 2601 1810 2665 alibi
1856 2601 2111 2685 praedo,
2165 2602 2318 2665 alibi
2363 2600 2642 2684 praedae
2685 2596 2799 2660 vin·

427 2684 554 2749 dex
602 2685 788 2750 cadit.
867 2694 1051 2769 prout
1096 2688 1268 2752 locus
1313 2687 1567 2768 iniquus
1611 2707 1934 2769 aequusve
1978 2687 2078 2752 his
2122 2693 2233 2752 aut
2276 2688 2418 2767 illis,
2464 2693 2650 2771 prout
2686 2681 2798 2747 ani-

424 2793 566 2836 mus
600 2774 1021 2856 pugnantium
1069 2781 1183 2852 est,
1230 2781 1416 2856 prout
1462 2794 1759 2838 numerus
1792 2813 1871 2820 —
1904 2775 2011 2839 alii
2057 2775 2224 2838 enim
2271 2774 2576 2858 pluribUS,
2624 2787 2794 2853 quam

425 2858 547 2942 ipsi
594 2864 794 2939 erant,
840 2860 948 2925 alii
993 2860 1396 2943 paucioribus
1440 2867 1841 2925 occurrerant
1884 2899 1988 2942 —,
2034 2861 2211 2925 varia
2259 2860 2514 2926 fortuna
2559 2872 2794 2945 pugnae
2823 2861 2871 2909 30

323 2959 385 3005 15
426 2951 548 3029 est;
611 2946 790 3009 multi
848 2947 1163 3028 utrimque
1225 2945 1477 3011 cadunt.
1570 2947 1695 3010 iam
1757 2969 1886 3012 nox
1945 2948 2306 3031 appetebat,
2373 2967 2515 3011 cum
2577 2941 2791 3030 proelio

424 3031 742 3122 excedunt
786 3033 1123 3114 Thraeces,
1171 3053 1297 3097 non
1343 3033 1499 3117 fuga
1537 3034 1869 3098 vulnerum
1907 3041 2016 3099 aut
2054 3034 2290 3115 mortis,
2333 3033 2445 3098 sed
2476 3034 2626 3115 quia
2654 3027 2791 3095 satis

634 3227 677 3278 1.
743 3222 813 3276 ad
869 3221 1246 3291 lysimachiam
1295 3222 1356 3276 B.
1391 3225 1397 3288 Ι
1438 3226 1487 3277 2.
1535 3223 1749 3277 melena
1802 3223 1874 3291 B,
1928 3222 2199 3276 melanam
2246 3224 2361 3278 cod.
2401 3241 2503 3278 rec.
2549 3219 2785 3288 complwr.

422 3311 580 3374 (Lov.
614 3313 687 3377 2).
721 3312 729 3376 1
769 3308 1011 3379 Cypsela
1057 3311 1136 3363 ed.
1169 3312 1349 3364 Basil.
1383 3314 1523 3364 1535
1535 3330 1552 3376 ‚·
1594 3310 1828 3378 gypseia
1874 3310 1935 3377 B,
1968 3310 2183 3378 gipseia
2219 3312 2334 3367 cod.
2367 3328 2468 3365 rec.
2494 3310 2742 3379 plerique·
2775 3299 2782 3366 l

421 3400 470 3451 3.
509 3396 763 3467 Cypselis
809 3398 887 3451 ed.
922 3398 1294 3463 Basiz.1535;
1337 3396 1565 3466 gypseis
1611 3398 1724 3451 cod.
1761 3397 1868 3463 (B).
1902 3401 1910 3459 Ι
1950 3401 1996 3451 7.
2042 3397 2231 3466 itaque
2275 3400 2524 3454 nonnull.
2560 3396 2669 3453 cod.
2699 3405 2780 3445 rec·

420 3485 576 3551 (Lov.
601 3487 675 3549 2).
709 3486 716 3547 Ι
750 3487 797 3538 9.
835 3483 943 3536 asti
979 3483 1048 3535 M.
1080 3485 1087 3548 Ι
1122 3482 1275 3550 cenci
1312 3483 1372 3536 B.
1405 3489 1413 3548 Ι
1444 3482 1798 3536 mandatueni
1845 3484 1906 3536 B.
1940 3487 1947 3548 1
1980 3483 2163 3538 Coreli
2198 3484 2279 3551 M3
2326 3484 2548 3539 cornelii
2583 3471 2781 3550 (corneli

418 3572 486 3638 B)
521 3573 614 3626 rel.
642 3573 757 3626 cod.
791 3575 799 3634 Ι
835 3574 914 3626 15.
939 3575 1251 3639 postremos
1288 3572 1402 3625 cod.
1420 3573 1669 3640 plerique
1705 3577 1754 3625 et
1789 3573 1868 3625 ed.
1894 3579 2020 3637 vet.‚·
2055 3587 2340 3640 supremos
2377 3573 2437 3626 B.
2472 3575 2479 3638 Ι
2515 3575 2589 3627 16.
2614 3576 2779 3636 appro-

417 3656 738 3726 pinquantis
783 3658 845 3710 B.
879 3659 888 3723 Ι
923 3660 1002 3711 19.
1048 3656 1282 3724 primum
1328 3676 1428 3713 om.
1454 3657 1517 3710 B.
1551 3658 1559 3722 Ι
1591 3659 1672 3711 23.
1719 3657 1892 3727 phent
1939 3659 1999 3712 B.
2033 3660 2042 3724 1
2074 3662 2156 3713 24.
2203 3659 2352 3713 cales
2387 3660 2450 3712 B.
2485 3662 2495 3724 l
2524 3662 2601 3715 25.
2639 3656 2778 3707 inter·

419 3743 549 3797 dum
586 3745 634 3798 8z
671 3758 841 3796 cauas
876 3743 937 3797 B.
971 3745 979 3812 Ι
1011 3746 1094 3799 28.
1134 3758 1373 3812 equusq3
1420 3743 1482 3796 B.
1517 3745 1526 3809 1
1558 3747 1640 3799 29.
1688 3745 1832 3798 enim
1878 3746 1947 3814 M,
1985 3748 2190 3813 Aldus;
2235 3765 2336 3802 om.
2370 3748 2462 3802 rel.
2498 3745 2609 3802 eod.
2628 3739 2706 3807 (B)
2735 3739 2775 3788 et

418 3832 499 3886 ed.
517 3833 694 3899 prior.
729 3831 736 3896 Ι
