2925 4278
387 140 511 203 172
845 157 1069 211 LIBER
1106 158 1434 212 XXXVIII.
1475 157 1639 211 OAP.
1667 161 1751 212 46.
1778 161 1862 213 47.
1904 158 1974 227 [a.
2002 158 2067 212 U.
2093 175 2138 212 c.
2166 159 2308 228 567}

283 342 345 390 15
381 340 545 397 runt.
639 333 860 398 merito
913 354 1063 416 ergo
1114 355 1153 398 a
1197 334 1377 399 vobis
1431 353 1728 418 prospere
1782 334 1947 398 bello
2000 340 2179 418 gesto
2232 332 2620 417 triumphum
2675 352 2798 417 pe-

382 427 537 500 tent,
586 420 815 501 quibus
860 420 1221 485 auctoribus
1265 420 1660 504 gesserunt.“

317 517 342 563 1
589 506 849 572 XLVII.
882 506 1057 571 Talis
1102 507 1300 571 oratio
1348 507 1522 570 Furii
1568 514 1632 572 et
1675 507 1929 573 Aemilii
1974 506 2109 571 fuit.
2157 506 2460 571 Manlium
2499 507 2563 570 in
2605 506 2800 571 hunc

384 592 662 657 maxime
708 592 963 657 modum
1008 592 1412 677 respondisse
1455 594 1835 678 accepimus.
1888 594 2161 678 „tribuni
2207 593 2413 678 plebis
2457 600 2658 657 antea
2692 614 2799 658 so-

314 689 344 737 2
383 680 599 745 lebant
644 679 1027 763 triumphum
1073 680 1537 763 postulantibus
1582 679 1927 763 adversari,
1974 687 2186 765 patres
2233 680 2597 763 conscripti:
2650 680 2798 761 qui-
2871 695 2898 738 5

386 766 501 831 bus
554 786 673 849 ego
717 767 987 849 gratiam
1041 766 1268 848 habeO,
1324 766 1491 849 quod
1547 787 1659 832 seu
1711 767 1865 831 mihi
1920 787 2031 833 seu
2087 766 2511 851 magnitudini
2563 786 2796 832 rerum
2900 794 2901 871 χ

383 859 704 936 gestarum
750 853 870 918 hoc
916 853 1243 935 dederunt,
1300 861 1368 918 ut
1414 874 1539 918 non
1587 854 1789 919 solum
1836 854 2083 919 silentio
2139 855 2627 938 comprobarent
2673 853 2795 920 ho·
2900 880 2901 901 ÷

384 959 600 1004 norem
647 948 878 1020 meum,
927 940 1038 1005 sed
1083 941 1315 1006 referre
1362 940 1574 1021 etiam,
1622 942 1674 1005 si
1721 961 1879 1024 opus
1924 946 2110 1021 esset,
2158 941 2525 1006 viderentur
2569 941 2788 1024 parati

315 1037 346 1083 3
385 1045 553 1109 esse3
617 1046 700 1090 ex
754 1026 976 1092 decem
1031 1028 1276 1110 legatis,
1339 1028 1391 1091 si
1447 1026 1569 1092 diis
1623 1027 1850 1112 placet,
1912 1027 2081 1109 quod
2136 1029 2464 1092 consilium
2525 1026 2787 1111 dispen-

386 1112 623 1176 sandae
676 1113 1311 1196 cohonestandaeque
1363 1113 1665 1178 victoriae
1725 1113 2206 1197 imperatoribus
2267 1114 2534 1178 maiores
2590 1113 2790 1177 dede-
2832 1126 2901 1177 102

313 1208 348 1256 4
386 1206 530 1263 runt
576 1201 791 1281 nostri,
837 1200 1236 1265 adversarios
1280 1201 1504 1265 habeo.
1582 1202 1653 1264 L.
1688 1201 1916 1265 Furius
1962 1206 2023 1265 et
2067 1201 2138 1264 L.
2172 1199 2480 1265 Aemilius
2525 1219 2789 1264 currum
2900 1256 2901 1281 2

386 1286 830 1370 triumphalem
878 1308 978 1351 me
1020 1287 1441 1352 conscendere
1482 1287 1839 1371 prohibent,
1888 1307 2184 1354 coronam
2224 1287 2540 1370 insignem
2582 1286 2788 1370 capiti
2900 1312 2901 1373 ;

385 1373 744 1454 detrahunt,
797 1394 952 1455 quos
983 1394 1121 1457 ego,
1171 1374 1224 1439 si
1255 1374 1492 1438 tribuni
1537 1374 1923 1457 triumphare
1969 1395 2071 1439 me
2106 1374 2531 1459 prohiberent,
2580 1380 2789 1438 testes
2900 1402 2901 1455 l

314 1475 347 1521 5
387 1461 689 1525 citaturus
731 1426 826 1524 ’fui
872 1481 1080 1525 rerum
1124 1482 1164 1525 a
1209 1481 1311 1525 me
1355 1468 1694 1545 gestarum.
1751 1462 1982 1526 nullius
2028 1460 2322 1543 equidem
2366 1459 2627 1525 invideo
2675 1459 2788 1525 ho

387 1547 542 1627 nori,
604 1553 817 1630 patres
879 1548 1241 1632 conscripti,
1305 1567 1420 1614 vos
1481 1548 1766 1612 tribunos
1820 1548 2029 1631 plebei
2083 1567 2303 1631 nuper,
2360 1547 2527 1611 viros
2582 1546 2901 1611 fortes15¹

386 1654 463 1697 ac
508 1640 815 1714 strenuos,
869 1634 1289 1717 impedientes
1343 1633 1416 1710 Q.
1466 1635 1653 1698 Fabii
1705 1635 2022 1699 Labeonis
2074 1632 2463 1717 triumphum
2514 1633 2783 1698 auctori·
2900 1634 2901 1647 ¹

387 1726 517 1784 tate
562 1726 774 1784 vestra
819 1719 1236 1805 deterruistis3
1291 1721 1724 1804 triumphavit,
1781 1741 1968 1802 quem
2021 1741 2147 1784 non
2193 1720 2428 1785 bellum
2473 1720 2785 1785 iniustum

315 1819 349 1866 6
385 1805 679 1907 gessisse,
727 1806 841 1870 sed
886 1806 1130 1872 hostem
1178 1807 1431 1872 omnino
1479 1828 1606 1872 non
1651 1807 1887 1873 vidisse
1932 1807 2171 1871 inimici
2224 1807 2577 1889 iactabant3
2640 1826 2780 1890 eg0,

389 1893 493 1974 qui
549 1912 690 1956 cum
745 1899 996 1957 centum
1049 1894 1303 1958 milibus
1357 1893 1886 1959 ferocissimorum
1940 1892 2215 1958 hostium
2276 1894 2475 1977 signis
2536 1893 2780 1958 collatis

387 1979 616 2044 totiens
669 1979 971 2062 pugnavi,
1029 1980 1134 2061 qui
1188 1981 1327 2064 plus
1381 1980 1801 2063 quadraginta
1860 1980 2034 2044 milia
2085 1979 2411 2044 hominum
2471 1980 2612 2062 cepi
2666 1984 2774 2041 aut
2810 1992 2873 2038 20

390 2065 607 2147 cecidi,
665 2066 773 2149 qui
827 2066 979 2131 bina
1034 2074 1240 2131 castra
1294 2087 1512 2132 eorum
1566 2067 1953 2152 expugnavi,
2010 2067 2119 2149 qui
2172 2067 2329 2131 citra
2379 2066 2534 2149 iuga
2585 2063 2767 2129 Tauri

388 2154 598 2219 omnia
651 2154 991 2237 pacatiora,
1041 2174 1229 2235 quam
1290 2162 1456 2219 terra
1513 2154 1699 2218 Italia
1763 2161 1884 2235 est,
1953 2154 2206 2235 reliqui,
2276 2174 2403 2218 non
2463 2151 2773 2235 triumpho

323 2255 349 2300 7
389 2240 573 2306 modo
618 2240 894 2321 fraudor,
952 2240 1065 2305 sed
1113 2261 1366 2305 causam
1411 2241 1582 2326 apud
1630 2262 1762 2322 vos,
1812 2248 2024 2325 patres
2070 2240 2428 2324 conscripti,
2482 2259 2779 2304 accusan-

318 2340 353 2388 8
390 2327 559 2392 tibus
604 2328 761 2392 meis
806 2328 943 2411 ipse
988 2328 1215 2411 legatis
1267 2327 1426 2393 dico.
1519 2328 1757 2410 duplex
1812 2348 2046 2408 eorum,
2097 2334 2166 2390 ut
2217 2325 2777 2406 animadvertistiS,

390 2422 602 2497 patres
648 2413 1002 2497 conscripti,
1055 2415 1371 2478 accusatio
1418 2414 1564 2479 fuit:
1622 2434 1769 2478 nam
1822 2435 1941 2479 nec
1985 2413 2334 2498 gerendum
2381 2412 2535 2476 mihi
2580 2412 2778 2477 fuisse
2815 2425 2876 2471 25

388 2501 624 2566 bellum
678 2521 819 2564 cum
874 2501 1089 2581 Gallis,
1153 2508 1214 2565 et
1267 2507 1517 2584 gestum
1577 2507 1815 2566 temere
1874 2508 2065 2582 atque
2119 2500 2552 2584 imprudenter
2604 2498 2780 2562 dixe-

388 2595 552 2651 runt.
616 2609 801 2670 „non
838 2594 1015 2651 erant
1069 2587 1233 2652 Galli
1287 2588 1520 2667 hosteS,
1575 2586 1687 2652 sed
1740 2594 1807 2651 tu
1862 2607 1968 2652 eos
2019 2594 2279 2671 pacatos
2331 2587 2641 2669 imperata
2691 2585 2778 2650 fa·

318 2686 352 2733 9
393 2673 629 2737 cientes
661 2673 970 2739 violasti.“
1024 2695 1150 2738 non
1183 2695 1320 2739 sum
1366 2674 1792 2757 postulaturus
1837 2694 1877 2737 a
1912 2674 2114 2753 vobiS,
2162 2680 2374 2756 patres
2420 2671 2774 2756 conscripti,

390 2766 477 2839 ut,
526 2779 689 2840 quae
735 2760 1148 2824 communiter
1192 2760 1272 2826 de
1317 2761 1712 2824 immanitate
1757 2760 1965 2843 gentis
2012 2760 2350 2839 Gallorum,
2398 2758 2478 2823 de
2509 2758 2775 2824 infestis-

391 2847 548 2909 simo
610 2845 754 2910 odio
805 2847 872 2910 in
932 2866 1161 2911 nomen
1215 2849 1572 2911 Romanum
1626 2847 1817 2928 scitiS,
1881 2867 1957 2911 ea
2017 2846 2097 2910 de
2156 2846 2280 2911 illis
2340 2864 2609 2927 quoque,
2671 2846 2776 2928 qui
2811 2858 2876 2906 30

601 3040 647 3091 1.
693 3039 856 3103 gesto
903 3034 1053 3089 bello
1098 3037 1231 3092 Lov.
1266 3041 1303 3092 2
1347 3043 1395 3091 et
1441 3039 1605 3092 Harl.
1639 3039 1647 3102 Ι
1686 3041 1735 3092 4.
1783 3035 2090 3104 accepimus
2138 3037 2269 3091 Lov.
2305 3039 2356 3102 2,
2395 3036 2475 3090 ed.
2513 3042 2609 3092 vet.
2646 3053 2776 3105 quas

390 3125 507 3180 vidi
541 3141 736 3189 omme,
776 3126 845 3191 ef.
871 3125 1245 3178 Weissenborn
1282 3124 1361 3178 ed.
1384 3126 1609 3178 Weidm.
1637 3126 1794 3191 adn.;
1829 3123 2015 3190 accepi
2053 3125 2167 3179 eod.
2194 3139 2295 3179 ree.
2315 3125 2576 3192 plerique.
2610 3124 2618 3190 1
2649 3127 2696 3179 8.
2733 3122 2776 3176 si

388 3225 531 3278 opus
576 3215 740 3278 esset,
786 3209 1105 3264 viderentur
1147 3208 1325 3278 parati
1371 3223 1495 3262 esse
1545 3212 1805 3279 „antiqua
1851 3210 2036 3266 lectio“
2081 3210 2259 3265 Gelen.
2299 3209 2445 3277 (M'?),
2483 3210 2563 3263 ed.
2598 3210 2769 3264 Basil.

390 3302 529 3351 1535
539 3320 557 3362 ;
601 3298 648 3351 si
685 3313 825 3366 opus
863 3312 985 3351 esse
1024 3296 1321 3363 uideretur,
1358 3295 1541 3364 parati
1578 3300 1765 3348 essent
1801 3297 1916 3352 eod.
1942 3314 2042 3351 ree.
2069 3303 2118 3351 et
2154 3298 2233 3351 ed.
2252 3298 2428 3366 prior.
2463 3297 2471 3363 Ι
2506 3299 2587 3351 10.
2624 3296 2775 3351 coho·

389 3384 804 3452 nestandaeque
856 3385 1103 3439 nonnull.
1139 3384 1255 3439 eod.
1293 3401 1411 3451 rec„
1450 3383 1530 3436 ed.
1564 3389 1661 3437 vet.
1701 3401 1835 3451 quas
1876 3384 1993 3438 vidi
2035 3401 2241 3447 omne35
2295 3382 2774 3451 honestandaeque

392 3471 506 3525 eod.
540 3488 639 3526 ree.
668 3472 916 3540 plerique
962 3470 1118 3536 (Lov.
1150 3475 1203 3537 2,
1247 3471 1437 3536 Voss).
1472 3472 1480 3535 Ι
1524 3472 1604 3524 11.
1652 3474 1709 3522 et
1753 3488 1854 3525 om.
1882 3471 2131 3539 Moyzmt.
2165 3471 2173 3534 Ι
2208 3472 2287 3525 13.
2326 3484 2413 3522 me
2450 3469 2773 3537 triumphare

392 3558 471 3610 ed.
497 3564 593 3610 vet.
628 3557 635 3623 Ι
670 3561 750 3612 15.
794 3557 855 3611 Ρ.
883 3556 940 3610 C.
975 3559 1180 3624 (patres
1226 3555 1542 3624 conscripti)
1589 3557 1718 3611 add.
1763 3558 1941 3611 Gelen.
1981 3555 2128 3623 (M?).
2163 3556 2170 3622 Ι
2201 3559 2330 3622 post
2374 3554 2628 3610 tribunos
2671 3556 2769 3622 Μ.Ι

394 3646 475 3698 21.
503 3642 677 3695 cecidi
699 3648 733 3697 3
766 3644 880 3699 cod.
908 3661 1010 3698 rec.
1037 3644 1197 3706 (Lov.
1222 3646 1299 3711 2),
1334 3646 1403 3711 cf.
1432 3661 1551 3711 cap.
1575 3647 1664 3711 23,
1689 3647 1751 3709 6,·
1779 3648 1863 3710 49,
1888 3648 1983 3708 11,-
2019 3641 2196 3696 occidi
2232 3644 2306 3696 al.
2333 3660 2452 3709 ree„
2491 3645 2562 3710 cf.
2588 3645 2773 3711 ephem.

392 3731 579 3784 Austr.
605 3734 758 3784 1892.
793 3732 799 3794 Ι
831 3732 916 3783 24.
953 3729 1090 3783 meis
1135 3728 1254 3797 ipse
1288 3729 1360 3797 M,
1396 3730 1604 3796 Aldus;
1655 3744 1740 3782 mc
1779 3729 1864 3783 his
1900 3730 2017 3797 ipse
2053 3732 2134 3784 vel
2169 3743 2256 3782 me
2292 3727 2378 3782 his
2413 3727 2547 3797 ipsis
2584 3731 2612 3795 (
2615 3730 2774 3796 Voss)

395 3818 474 3870 vel
496 3831 583 3868 me
610 3814 693 3868 his
720 3816 876 3880 (Lov.
902 3820 962 3878 2)
990 3817 1104 3870 cod.
1124 3834 1245 3883 ree,
1265 3815 1381 3884 ipse
1407 3817 1491 3870 ed.
1516 3817 1880 3885 Parm.1480,
1906 3818 2088 3871 Pari-3.
2108 3821 2262 3885 1510,
2288 3816 2439 3869 hisce
2463 3817 2544 3870 ed.
2564 3814 2769 3885 Campi
