2925 4278
611 169 836 222 LIBER
873 168 1202 225 XXXVIII.
1241 169 1411 225 CAP.
1436 173 1486 225 9.
1517 174 1596 226 10.
1635 170 1709 238 [a.
1735 171 1801 225 U.
1828 185 1873 223 c.
1901 171 2042 239 565].
2398 154 2521 217 129

129 344 259 410 sine
318 343 547 408 fraude
603 344 982 426 emitterent,
1039 351 1423 428 aperuerunt
1476 350 1710 430 portas.
1799 344 1946 408 dein
2002 344 2249 408 Aetolis
2305 346 2520 408 condi-

129 432 334 494 ciones
389 431 576 516 pacis
636 431 883 494 dictae:
939 432 1288 515 quingenta
1347 431 1630 497 Euboica
1699 438 1768 495 ut
1829 431 2056 496 darent
2118 433 2377 513 talenta,
2436 453 2517 497 ex

128 519 355 601 quibus
403 518 678 582 ducenta
732 519 1114 603 praesentia,
1172 525 1455 584 trecenta
1501 539 1615 602 per
1673 538 1878 583 annos
1939 539 2055 584 sex
2108 520 2519 602 pensionibus

127 606 375 688 aequis;
423 605 710 688 captivos
754 605 1183 689 perfugasque
1211 605 1549 669 redderent
1580 606 1916 690 Romanis;
1964 606 2186 670 urbem
2218 626 2297 669 ne
2328 626 2519 688 quam
2559 625 2624 672 1o

69 702 94 747 5
130 691 437 757 formulae
485 692 580 756 sui
626 692 779 757 iuris
823 692 1126 774 facerent,
1176 711 1337 775 quae
1384 699 1527 775 post
1573 692 1640 756 id
1686 698 1956 775 tempuS,
2011 712 2134 773 quo
2179 693 2251 756 T.
2287 691 2519 768 Quinc-

128 779 245 842 tius
291 778 650 843 traiecisset
696 779 761 842 in
807 779 1161 859 Graeciam,
1209 785 1318 842 aut
1363 779 1426 842 vi
1478 786 1665 863 capta
1709 780 1791 843 ab
1837 780 2142 845 Romanis
2198 785 2366 843 esset
2409 785 2520 842 aut

127 865 453 929 voluntate
498 864 565 928 in
610 864 955 929 amicitiam
1000 866 1315 949 venisset3
1363 865 1782 949 Cephallania
1826 866 2036 930 insula
2080 872 2147 929 ut
2195 871 2376 929 extra
2420 866 2518 930 ius

127 950 399 1015 foederis
447 956 632 1016 esset.
726 950 885 1015 haec
944 972 1326 1034 quamquam
1382 971 1495 1034 spe
1557 952 1838 1036 ipsorum
1899 953 2221 1033 aliquanto
2281 952 2518 1016 leviora
2559 972 2618 1018 11

127 1043 358 1117 essent,
406 1037 771 1121 petentibus
817 1038 1078 1118 Aetolis,
1125 1045 1194 1101 ut
1252 1037 1338 1100 ad
1384 1039 1718 1103 concilium
1764 1038 2091 1119 referrent,
2139 1039 2517 1122 permissum

46 1134 95 1179 10
123 1130 237 1189 est.
330 1144 533 1207 parva
600 1122 977 1207 disceptatio
1034 1124 1114 1188 de
1175 1124 1436 1188 urbibus
1496 1126 1719 1205 tenuit,
1782 1145 1945 1205 quae
2006 1145 2148 1188 cum
2209 1125 2304 1189 sui
2365 1126 2518 1190 iuris
2561 1145 2621 1191 12

125 1209 467 1291 aliquando
512 1209 801 1290 fuissent,
849 1211 1038 1274 avelli
1086 1212 1260 1275 velut
1304 1231 1344 1274 a
1389 1230 1649 1295 corpore
1696 1231 1807 1276 suo
1853 1231 2043 1294 aegre
2075 1211 2515 1296 patiebantur-3

124 1296 205 1361 ad
251 1317 451 1360 unum
509 1317 728 1361 omnes
788 1303 1002 1360 tamen
1063 1298 1268 1382 accipi
1329 1317 1551 1380 pacem
1606 1297 1938 1361 iusserunt.
2028 1297 2517 1362 Ambracienses
2559 1318 2621 1364 13

127 1403 422 1450 coronam
452 1403 711 1448 auream
743 1384 986 1447 consuli
1032 1393 1284 1448 centum
1332 1390 1393 1447 et
1440 1383 1903 1466 quinquaginta
1933 1383 2143 1467 pondo
2185 1383 2515 1448 dederunt.

127 1471 309 1554 signa
355 1490 560 1534 aenea
603 1489 1080 1552 marmoreaque
1127 1477 1190 1535 et
1221 1470 1477 1534 tabulae
1508 1470 1736 1553 pictae,
1786 1470 2013 1551 quibus
2058 1471 2336 1536 ornatior
2374 1472 2519 1536 Am-

45 1565 93 1610 15
125 1556 363 1638 bracia,
410 1557 559 1637 quia
604 1555 783 1638 regia
827 1556 917 1619 ibi
963 1557 1190 1639 Pyrrhi
1237 1556 1461 1635 fuerat,
1512 1576 1702 1637 quam
1749 1564 1997 1621 ceterae
2049 1557 2329 1641 regionis
2384 1558 2519 1623 eius

125 1645 313 1708 urbes
376 1648 575 1722 erant,
645 1643 897 1707 sublata
962 1644 1175 1708 omnia
1218 1650 1605 1727 avectaque3
1675 1642 1831 1706 nihil
1891 1650 2223 1726 praeterea
2280 1649 2519 1708 tactum

126 1730 528 1794 violatumve.

330 1817 412 1879 X.
461 1815 788 1881 Profectus
834 1818 915 1881 ab
962 1816 1302 1880 Ambracia
1347 1817 1566 1881 consul
1609 1816 1676 1881 in
1722 1816 2188 1882 mediterranea
2233 1816 2518 1882 Aetoliae
2593 1829 2619 1875 1

123 1901 204 1966 ad
250 1902 459 1986 Argos
503 1902 1019 1986 Amphilochium
1064 1941 1150 1949 —
1196 1903 1424 1986 viginti
1472 1904 1597 1968 duo
1642 1904 1819 1968 milia
1848 1906 1929 1968 ab
1962 1904 2304 1968 Ambracia
2334 1906 2517 1969 abest

44 1995 95 2042 20
126 2027 208 2035 —
257 1994 468 2052 castra
512 1989 737 2072 posuit.
832 2009 906 2054 eo
953 1989 1214 2053 tandem
1256 1990 1452 2073 legati
1484 1990 1692 2055 Aetoli
1723 1991 1992 2054 mirante
2025 1991 2300 2071 consule,
2349 1990 2518 2072 quod

122 2082 537 2157 morarentur,
585 2081 917 2141 venerunt.
1011 2076 1179 2157 inde,
1227 2083 1561 2161 postquam
1608 2078 1998 2162 approbasse
2042 2097 2265 2161 pacem
2303 2077 2515 2144 -conci-
2587 2089 2617 2136 2

122 2163 274 2226 lium
319 2163 683 2227 Aetolorum
729 2163 997 2245 accepit,
1052 2164 1242 2228 iussis
1287 2164 1600 2248 proficisci
1633 2166 1899 2228 Romam
1945 2163 2031 2227 ad
2061 2171 2350 2229 senatum
2382 2184 2516 2247 per·

123 2250 466 2330 missoque,
513 2255 582 2313 ut
628 2258 690 2313 et
735 2250 968 2314 Rhodii
1015 2256 1079 2314 et
1123 2249 1549 2315 Athenienses
1603 2250 2046 2334 deprecatores
2106 2251 2287 2331 irent,
2345 2251 2514 2331 dato,

124 2335 229 2417 qui
276 2335 467 2400 simul
514 2355 655 2399 cum
702 2336 780 2400 iis
826 2336 1345 2419 proficisceretur,
1408 2337 1478 2401 G.
1513 2337 1766 2402 Valerio
1827 2337 2023 2401 fratre
2084 2338 2220 2421 ipse
2280 2338 2346 2400 in
2404 2338 2515 2401 Ce-

43 2425 92 2474 25
123 2420 514 2505 phallaniam
567 2422 831 2487 traiecit.
925 2428 1424 2507 praeoccupatas
1484 2443 1668 2487 aures
1726 2424 2099 2504 animosque
2159 2422 2511 2507 principum
2590 2437 2622 2483 3

122 2509 364 2573 Romae
412 2508 782 2587 criminibus
828 2507 1105 2593 Philippi
1152 2510 1553 2590 invenerunt,
1604 2509 1710 2591 qui
1765 2530 1879 2593 per
1923 2510 2186 2592 legatos,
2250 2529 2364 2592 per
2422 2509 2515 2572 lit-

123 2600 292 2660 teras
338 2595 623 2678 Dolopas
667 2595 1247 2679 Amphilochosque
1308 2603 1370 2659 et
1414 2594 1867 2660 Athamaniam
1928 2600 2145 2679 erepta
2205 2596 2325 2660 sibi
2373 2615 2518 2677 que-

123 2700 289 2762 rens,
336 2681 784 2766 praesidiaque
830 2702 963 2763 sua,
1012 2688 1326 2766 postremo
1372 2682 1569 2745 filium
1617 2682 1805 2746 etiam
1853 2683 2088 2747 Persea
2131 2702 2214 2746 ex
2259 2682 2517 2766 Amphi-

125 2767 326 2832 lochis
369 2768 640 2851 pulsum,
688 2775 1006 2833 averterat
1052 2774 1341 2833 senatum
1386 2770 1471 2833 ab
1530 2768 1865 2833 audiendis
1923 2769 2218 2852 precibus
2280 2788 2513 2832 eorum.

42 2857 92 2904 30
124 2853 358 2919 Rhodii
403 2860 619 2918 tamen
667 2860 730 2919 et
773 2854 1201 2920 Athenienses
1246 2875 1388 2919 cum
1420 2855 1670 2926 silentio
1702 2854 1905 2919 auditi
1935 2860 2097 2919 sunt.
2177 2854 2517 2921 Athenien-
2588 2868 2623 2914 4

125 2940 211 3005 sis
255 2941 509 3024 legatus
554 2941 731 3006 Leon
777 2941 1073 3006 Hicesiae
1117 2941 1282 3006 filius
1329 2942 1691 3024 eloquentia
1723 2942 1913 3005 etiam
1946 2941 2175 3007 dicitur
2207 2943 2514 3027 movisse3

335 3135 381 3187 1.
409 3129 634 3184 Aetolis
671 3131 1020 3184 condiciones
1056 3131 1207 3199 pacis
1244 3130 1426 3184 dictae
1455 3133 1583 3186 add.
1610 3134 1690 3187 M.
1719 3133 1978 3198 Mueller;
2013 3130 2209 3185 Aetoli
2234 3133 2363 3188 olim
2388 3133 2515 3186 add.

125 3219 169 3271 Ι.
179 3219 518 3274 Perizonius.
546 3216 551 3287 Ι
576 3221 625 3272 8.
646 3222 792 3271 esset
815 3237 917 3273 om.
938 3219 998 3271 B.
1026 3217 1031 3288 Ι
1056 3221 1104 3273 9.
1126 3224 1313 3271 essent
1338 3220 1452 3274 cod.
1466 3221 1712 3288 plerique
1729 3219 1816 3284 (B)
1835 3226 1884 3273 et
1917 3220 1993 3273 ed.
2015 3221 2332 3287 antiquiss.,·
2360 3222 2519 3271 erant

125 3303 189 3372 M,
234 3307 436 3373 Aldus,
487 3307 558 3372 cf.
593 3306 888 3372 XXXVI,
923 3309 1008 3372 34,
1044 3309 1092 3358 6.
1126 3309 1134 3370 Ι
1178 3309 1256 3360 10.
1295 3320 1434 3373 quas
1479 3320 1605 3357 cum
1650 3307 1787 3360 coni.
1826 3307 2093 3360 Muretus.
2127 3307 2135 3370 1
2179 3308 2258 3360 15.
2298 3303 2518 3357 fuerant

123 3389 179 3443 B.
212 3394 220 3456 Ι
255 3395 337 3448 19.
385 3391 550 3444 abest
594 3392 771 3457 (Voss.
788 3393 854 3459 ἓ),
892 3393 971 3445 ed.
999 3393 1367 3458 Basil 1531;
1411 3397 1497 3443 est
1543 3392 1656 3447 cod.
1684 3391 1768 3458 (B)
1806 3399 1854 3446 et
1890 3393 1968 3446 ed.
1995 3394 2172 3461 prior.
2206 3393 2213 3458 Ι
2246 3395 2328 3446 2Ο.
2365 3390 2517 3458 quod

123 3482 424 3532 moraretur
459 3476 522 3544 B,
558 3477 690 3544 quid
725 3482 1069 3530 morarentur
1106 3480 1241 3534 coni.
1270 3479 1316 3531 Ι.
1338 3479 1405 3532 F.
1439 3477 1765 3532 Gronovius.
1798 3481 1807 3543 1
1838 3481 1920 3534 25.
1958 3479 2107 3531 auris
2143 3477 2205 3531 B.
2240 3480 2248 3545 Ι
2279 3480 2361 3532 26.
2400 3477 2517 3544 phi-

121 3563 270 3633 lyppi
316 3569 593 3618 uenerunt
626 3564 688 3618 B.
722 3567 730 3631 Ι
770 3568 854 3619 27.
893 3569 1084 3633 erepta
1135 3570 1174 3620 2
1217 3566 1330 3621 cod.
1374 3581 1474 3619 rec.
1514 3566 1672 3631 (Lov.
1714 3566 1790 3632 2),
1842 3565 2080 3632 Crevier,-
2132 3569 2352 3633 ereptas
2398 3566 2512 3620 cod.

111 3653 356 3721 plerique
401 3652 504 3719 (B),
549 3654 793 3719 ereptam
841 3653 1006 3706 Harl.
1045 3659 1094 3706 et
1136 3653 1216 3707 sic
1256 3653 1336 3707 vel
1372 3654 1595 3717 ereptos
1636 3654 1681 3705 I.
1719 3653 1788 3705 F.
1829 3653 2153 3706 Gronovius,
2187 3655 2195 3718 Ι
2236 3655 2317 3708 30.
2357 3651 2515 3705 rhodi

116 3736 172 3790 B.
205 3742 213 3804 Ι
255 3741 340 3794 31.
381 3738 535 3791 Leon
572 3737 826 3791 Hicesiae
863 3739 1096 3805 Bekker5
1139 3738 1293 3792 Leon
1338 3737 1550 3792 Icosiae
1595 3739 1675 3792 ed.
1714 3745 1828 3806 vet„
1870 3738 1980 3791 Leo
2026 3738 2283 3792 Hicesiae
2328 3741 2512 3802 Hertz,

115 3821 485 3891 leochicensie
523 3824 583 3892 B,
619 3823 986 3877 leochiensiae
1021 3825 1156 3879 Lov.
1180 3828 1230 3880 2.
1265 3827 1273 3891 Ι

212 3920 263 3961 Τ.
285 3918 471 3960 nimiu.
521 3918 662 3960 Editio
690 3918 835 3959 maior.
2169 3899 2199 3944 9
