2925 4278
341 135 464 199 140
858 152 1084 205 LIBER
1120 151 1447 206 XXXVIII.
1490 149 1651 204 GAP.
1683 155 1761 207 18.
1801 151 1873 219 [a.
1901 150 1965 206 U.
1993 165 2038 202 ο.
2066 151 2211 219 565].

251 334 300 386 ’2
339 333 619 392 ventum.
714 346 790 391 eo
834 325 1028 410 legati
1076 325 1584 391 Oroandensium
1632 345 1775 389 cum
1838 324 2166 389 venissent
2224 323 2571 388 amicitiam
2628 343 2739 408 pe-

339 419 565 493 tentes,
614 412 888 477 ducenta
933 413 1173 477 talenta
1216 411 1317 477 his
1364 418 1510 476 sunt
1554 412 1885 495 imperata,
1928 410 2480 495 precantibusque,
2528 416 2599 474 ut
2629 410 2739 474 do·

266 513 298 560 3
337 521 508 564 mum
552 499 1007 579 renuntiarent,
1056 505 1335 583 potestas
1380 498 1568 562 facta.
1646 498 1879 562 ducere
1923 497 2073 562 inde
2121 496 2469 562 exercitum
2514 497 2741 563 consul

336 586 420 650 ad
466 586 674 651 Pliten
718 585 1028 669 intendit3
1078 584 1309 649 deinde
1353 584 1438 649 ad
1483 584 1778 667 Alyattos
1839 590 2048 649 castra
2106 583 2331 668 posita.
2426 604 2500 649 eo
2555 583 2741 649 missi

337 672 420 736 ad
467 673 941 756 Eposognatum
987 672 1329 751 redierunt,
1396 678 1457 735 et
1519 671 1713 754 legati
1774 671 1978 755 reguli
2037 676 2310 750 orantes,
2372 689 2455 735 ne
2513 671 2740 735 Tecto-

243 790 246 793 1
341 759 515 842 sagis
563 759 797 823 bellum
844 758 1141 842 inferret3
1190 758 1399 841 ipsum
1431 757 1497 822 in
1531 778 1672 821 eam
1703 763 1961 841 gentem
1990 756 2220 821 iturum
2255 757 2741 839 Eposognatum

268 859 303 905 4
338 865 930 929 persuasurumque,
990 852 1058 909 ut
1102 846 1415 927 imperata
1473 844 1731 908 faciant.
1824 843 1978 908 data
2035 843 2227 909 venia
2284 844 2523 926 regulo,
2586 843 2743 908 duci

337 932 489 996 inde
536 932 853 996 exercitus
901 951 1015 1016 per
1058 931 1318 1013 Axylon
1368 951 1558 1013 quam
1604 937 1839 996 vocant
1885 936 2119 995 terram
2166 936 2444 1013 coeptus,
2537 930 2620 994 ab
2668 950 2742 995 re

338 1039 570 1083 nomen
620 1017 845 1083 habet:
893 1039 1022 1083 non
1067 1018 1226 1101 ligni
1271 1016 1457 1082 modo
1507 1016 1866 1099 quicquam,
1915 1016 2027 1082 sed
2074 1037 2156 1080 ne
2203 1017 2421 1099 spinas
2477 1016 2742 1098 quidem

338 1110 447 1168 aut
494 1105 689 1169 ullum
733 1104 908 1168 aliud
967 1105 1336 1168 alimentum
1404 1103 1529 1168 fert
1589 1104 1789 1188 ignis3
1853 1103 2002 1168 fimo
2069 1103 2308 1168 bubulo
2368 1123 2482 1186 pro
2539 1103 2740 1185 lignis

268 1204 301 1252 5
340 1197 616 1255 utuntur.
707 1191 811 1255 Ad
859 1191 1212 1271 Cuballum,
1262 1190 1740 1274 Gallograeciae
1785 1190 2132 1270 castellum,
2196 1197 2408 1255 castra
2450 1189 2743 1254 habenti-

336 1280 456 1342 bus
500 1278 803 1343 Romanis
847 1297 1202 1361 apparuere
1248 1298 1391 1341 cum
1439 1297 1672 1360 magno
1702 1278 1971 1341 tumultu
2000 1276 2277 1342 hostium
2310 1276 2574 1359 equites,
2616 1296 2742 1340 nec

336 1365 670 1429 turbarunt
715 1370 960 1428 tantum
1005 1366 1327 1428 Romanas
1373 1364 1679 1429 stationes
1738 1370 2001 1447 repente
2060 1362 2319 1445 invecti,
2382 1363 2495 1428 sed
2558 1383 2743 1444 quos-

268 1465 299 1511 6
339 1450 485 1514 dam
533 1450 723 1514 etiam
772 1451 1155 1516 occiderunt.
1250 1450 1357 1532 qui
1401 1451 1707 1515 tumultus
1753 1470 1896 1515 cum
1939 1450 2007 1514 in
2054 1456 2259 1514 castra
2318 1450 2595 1534 perlatus
2644 1470 2741 1514 es-

340 1543 455 1617 set,
504 1537 742 1601 effusus
787 1543 1050 1621 repente
1097 1536 1392 1601 omnibus
1437 1537 1633 1620 portis
1679 1537 1996 1618 equitatus
2055 1538 2379 1601 Romanus
2434 1536 2597 1602 fudit
2645 1535 2741 1600 fu-

271 1638 299 1685 7
338 1623 638 1706 gavitque
686 1623 898 1688 Gallos
944 1629 1008 1688 et
1050 1624 1289 1705 aliquot
1334 1622 1654 1706 fugientes
1708 1623 1954 1687 occidit.
2033 1622 2183 1687 inde
2230 1623 2467 1704 consul,
2511 1629 2582 1687 ut
2631 1622 2744 1704 qui

340 1711 466 1773 iam
511 1708 595 1772 ad
641 1708 855 1774 hostes
900 1715 1275 1793 perventum
1322 1716 1627 1791 cerneret,
1677 1711 2004 1793 explorato
2036 1708 2269 1774 deinde
2316 1716 2379 1774 et
2411 1730 2554 1773 cum
2586 1729 2745 1773 cura

340 1801 560 1860 coacto
605 1797 861 1878 agmine
907 1795 1308 1878 procedebat.
1401 1802 1466 1860 et
1527 1797 1997 1880 continentibus
2057 1796 2389 1861 itineribus
2448 1816 2591 1860 cum
2653 1794 2745 1859 ad

341 1882 720 1965 Sangarium
764 1881 1002 1946 flumen
1062 1882 1363 1962 venisset,
1429 1889 1708 1966 pontem,
1774 1883 1921 1965 quia
1964 1882 2132 1947 vado
2179 1903 2491 1965 nusquam
2538 1888 2744 1946 trans-

270 1987 302 2035 8
339 1970 465 2033 itus
543 1974 702 2050 erat,
765 1967 977 2033 facere
1043 1968 1332 2033 instituit.
1435 1969 1784 2053 Sangarius
1852 1990 1933 2034 ex
2002 1969 2252 2034 Adoreo
2332 1975 2546 2033 monte
2621 1990 2745 2053 per

338 2054 687 2156 Phrygiam
754 2054 959 2119 fluens
1026 2055 1325 2119 miscetur
1390 2055 1475 2119 ad
1527 2055 1899 2138 Bithyniam
1952 2055 2219 2139 Tymbri
2285 2055 2514 2138 fluvi03
2582 2055 2745 2119 inde

341 2142 539 2207 maior
583 2142 712 2206 iam
756 2142 1099 2226 geminatis
1143 2143 1326 2224 aquis
1372 2163 1486 2225 per
1545 2143 1916 2227 Bithyniam
1963 2144 2163 2207 fertur
2224 2151 2288 2207 et
2340 2144 2407 2207 in
2462 2107 2745 2226 P’ropon-

339 2228 535 2293 tidem
580 2247 720 2294 sese
777 2229 1064 2309 effundit,
1125 2249 1254 2293 non
1314 2235 1529 2294 tamen
1594 2235 1726 2293 tam
1794 2229 2230 2330 magnitudine
2284 2229 2742 2310 memorabiliS,

270 2336 302 2382 9
343 2335 533 2397 quam
579 2314 747 2397 quod
793 2316 1061 2399 piscium
1108 2315 1342 2379 accolis
1386 2315 1714 2399 ingentem
1760 2316 1893 2380 vim
1938 2317 2220 2399 praebet.
2321 2315 2745 2399 transgressis

341 2408 532 2485 ponte
578 2402 861 2485 perfecto
907 2401 1165 2481 flumen,
1213 2407 1464 2485 praeter
1508 2402 1710 2486 ripam
1774 2402 2072 2468 euntibus
2119 2402 2286 2467 Galli
2329 2403 2549 2467 Matris
2604 2401 2739 2466 Ma-

341 2508 509 2571 gnae
553 2509 594 2551 a
638 2489 1018 2553 Pessinunte
1080 2507 1406 2552 occurrere
1469 2508 1612 2552 cum
1679 2487 2039 2572 insignibus
2097 2490 2247 2569 suiS,
2310 2489 2745 2554 vaticinantes

343 2574 620 2640 fanatico
681 2575 961 2638 carmine
1022 2573 1209 2638 deam
1268 2575 1572 2640 Romanis
1632 2575 1805 2638 viam
1858 2575 2007 2639 belli
2068 2582 2132 2639 et
2192 2576 2519 2640 victoriam
2579 2573 2744 2640 dare

243 2681 306 2728 10
343 2661 802 2743 imperiumque
850 2661 988 2725 eius
1030 2660 1326 2742 regionis.
1418 2662 1710 2745 accipere
1756 2681 1824 2726 se
1869 2681 2056 2727 omen
2104 2682 2247 2726 cum
2278 2661 2550 2726 dixisset
2593 2681 2744 2726 con-

242 2766 302 2813 11
344 2747 461 2826 sul,
509 2753 715 2811 castra
777 2767 852 2812 eo
919 2747 1058 2830 ipso
1111 2747 1249 2812 loco
1295 2746 1520 2831 posuit.
1612 2753 1863 2831 postero
1925 2747 2030 2812 die
2090 2747 2174 2812 ad
2237 2747 2539 2813 Gordium
2598 2767 2744 2831 per-

343 2936 412 2989 M.
446 2939 454 3003 1
485 2936 708 3004 Tyscon
753 2936 833 3002 M3
880 2935 1061 2988 thisco
1106 2936 1169 3005 B,
1207 2941 1369 3003 tysco
1414 2938 1531 2992 cod.
1551 2954 1652 2991 rec.
1688 2944 1738 2991 et
1773 2938 1853 2991 ed.
1880 2944 2005 2991 ante
2039 2939 2264 2992 Aldum.
2298 2940 2307 3003 Ι
2342 2941 2386 2992 1.
2425 2935 2743 2991 Oroanden-

343 3023 484 3076 sium
520 3024 599 3077 ed.
624 3024 913 3092 antiquiss.
924 3043 942 3090 ,·
977 3022 1397 3076 orcandensium
1433 3023 1495 3091 B,
1534 3023 1917 3076 orcadensium
1954 3025 2067 3079 cod.
2103 3042 2204 3080 ree.
2228 3026 2491 3093 plerique.
2524 3024 2532 3091 Ι
2564 3027 2613 3078 2.
2652 3022 2745 3078 his

347 3110 418 3177 B3
456 3109 522 3162 iis
569 3111 684 3166 cod.
719 3128 820 3165 rec.
862 3112 870 3175 1
916 3108 1276 3177 precantibus
1321 3109 1382 3163 B.
1424 3110 1432 3175 Ι
1485 3112 1533 3164 4.
1581 3110 1652 3162 ad
1698 3110 1878 3163 Pliten
1931 3110 2171 3164 intendit
2224 3112 2457 3180 Madv-iq
2503 3110 2630 3164 Em.
2666 3112 2745 3164 L.

335 3215 395 3266 p.
432 3200 560 3258 543;
606 3195 678 3249 ad
723 3196 1030 3264 plitendum
1075 3198 1189 3252 cod.
1229 3197 1478 3265 plerique
1520 3196 1607 3264 (B)
1651 3203 1702 3252 et
1746 3198 1825 3251 ed.
1860 3204 1956 3251 vet.
1990 3200 1999 3262 Ι
2039 3197 2311 3266 Alyattos
2356 3198 2472 3252 cod.
2500 3214 2620 3266 rec„
2656 3199 2744 3251 ed.

344 3284 623 3353 Moqunt.;
658 3281 927 3351 hyliattos
952 3282 1014 3350 B,
1040 3282 1339 3350 Halyattos
1376 3283 1454 3336 ed.
1484 3283 1767 3351 antiquiss.
1803 3285 1811 3349 Ι
1845 3287 1891 3338 5.
1918 3281 2245 3351 Tectosagis
2283 3283 2398 3339 cod.
2426 3291 2475 3337 et
2505 3282 2585 3337 ed.
2612 3290 2747 3350 vet„-

343 3368 707 3422 Tolistoboiis
754 3371 893 3424 coni.
930 3371 975 3422 I.
1012 3370 1350 3436 Perizonius,
1398 3370 1886 3436 cf..Weissenborn
1930 3371 2010 3425 ed.
2054 3371 2280 3425 Weidm.
2320 3387 2380 3439 p.
2415 3373 2521 3424 300
2564 3371 2697 3424 adn.
2734 3371 2742 3439 Ι

345 3458 392 3510 6.
429 3453 658 3507 inferret
695 3456 742 3507 8z
778 3456 960 3523 ipsum
995 3455 1055 3507 B.
1091 3458 1099 3520 Ι
1132 3459 1179 3509 7.
1216 3468 1584 3523 puasurumq3
1630 3454 1694 3507 B.
1727 3458 1735 3520 Ι
1770 3459 1850 3510 12.
1891 3471 2153 3525 aparuere
2199 3457 2260 3509 Β.
2294 3459 2302 3521 Ι
2334 3455 2573 3509 tumulto
2608 3456 2699 3509 13¹.
2734 3457 2740 3526 Ι

346 3544 423 3596 13.
464 3541 701 3595 inuectis
745 3542 841 3594 sed
879 3542 940 3594 B.
975 3545 982 3605 Ι
1018 3546 1098 3596 16.
1138 3541 1405 3610 fugientis
1442 3541 1503 3595 B.
1538 3543 1545 3608 Ι
1582 3545 1661 3597 17.
1699 3541 1876 3596 hostis
1912 3543 1976 3596 B.
2009 3547 2017 3610 Ι
2049 3542 2249 3597 deinde
2287 3559 2411 3596 cum
2456 3559 2591 3596 cura
2629 3543 2693 3596 B.
2730 3545 2738 3612 l

343 3630 425 3682 21.
464 3626 696 3695 Tymbri
734 3629 813 3681 ed.
852 3631 1171 3697 antiquiss.;
1216 3627 1344 3681 tibri
1390 3629 1452 3695 B,
1499 3627 1684 3681 timbri
1730 3631 1846 3684 cod.
1879 3648 1981 3685 rec.
2018 3631 2174 3696 (Lov.
2208 3631 2282 3697 2),
2328 3627 2620 3697 Tymbreti
2658 3632 2744 3685 ed.

342 3715 521 3768 Basil.
556 3717 696 3767 1535
741 3714 913 3782 (ΜῬ>Ι
952 3718 1034 3769 22.
1084 3714 1340 3783 proponti
1386 3714 1556 3768 dense
1604 3730 1665 3768 se
1708 3715 1771 3785 B,
1818 3717 2056 3769 Pontum
2101 3731 2225 3770 sese
2270 3718 2408 3772 coni.
2447 3715 2742 3781 Uelino-ius,

345 3801 732 3855 Drakenborch
779 3803 840 3854 in
885 3802 1014 3856 adn.
1048 3804 1055 3868 Ι
1088 3805 1170 3857 25.
1217 3816 1452 3868 magnae
1500 3820 1600 3856 om.
1636 3802 1696 3856 B.
1731 3805 1739 3870 Ι
1770 3806 1853 3858 29.
1901 3802 2166 3857 Gordium
2211 3805 2291 3858 ed.
2326 3803 2551 3858 Mediol.
2579 3808 2742 3872 1505,

2789 1118 2854 1165 10

2785 1551 2853 1599 15

2786 1983 2858 2031 20

2785 2417 2855 2463 25
