2925 4278
316 118 398 180 36
814 134 1039 187 LIBER
1075 134 1343 189 XXXVI.
1381 134 1548 189 CAP.
1575 137 1658 190 32.
1685 137 1766 190 33.
1809 135 1882 202 [a.
1911 135 1975 189 U.
2002 150 2047 188 c.
2075 136 2211 203 563J.

248 322 277 368 3
316 310 400 373 ad
444 309 907 391 Thermopylas
953 327 1292 393 pugnasse.
1385 307 1757 392 Diophanes
1816 306 2124 374 adversus
2184 307 2345 374 haec
2389 307 2704 374 interdum

247 408 279 454 4
317 415 589 480 purgare
636 415 776 460 sese
822 401 1227 478 gentemque,
1274 395 1592 460 interdum
1639 394 1719 459 de
1765 395 1900 459 iure
1946 395 2100 459 facti
2159 394 2485 460 disserere.
2580 397 2705 477 qui-

316 482 466 547 dam
512 481 907 547 Achaeorum
957 489 1019 546 et
1063 482 1242 547 initio
1291 501 1433 546 eam
1480 502 1549 547 se
1594 502 1727 546 rem
1773 488 2146 564 aspernatos
2192 483 2590 546 testabantur
2644 490 2708 547 et

316 576 467 633 tunc
511 569 924 651 pertinaciam
984 567 1455 652 increpitabant
1515 568 1855 651 praetoris3
1917 568 2404 649 auctoribusque
2465 568 2544 632 iis
2606 568 2707 633 de-

249 669 278 715 5
318 662 555 721 cretum
601 660 717 735 est,
765 661 833 718 ut
878 656 949 718 Τ.
986 653 1281 730 Quinctio
1329 674 1407 719 ea
1448 674 1552 719 res
1598 654 2080 737 permitteretur.
2174 660 2309 719 erat
2370 653 2703 730 Quinctius

319 743 478 808 sicut
523 741 1011 806 adversantibus
1060 761 1266 825 asper,
1299 741 1407 821 ita,
1442 741 1496 805 si
1538 740 1814 821 cederes,
1846 740 2016 805 idem
2048 741 2395 823 placabilis.
2473 742 2709 806 omissa

319 828 720 894 contentione
766 827 938 892 vocis
987 828 1321 908 vultusque
1365 827 1457 909 „si
1505 826 1761 891 utilem“
1796 827 2001 908 inquit
2038 827 2540 910 „possessionem
2574 828 2709 893 eius

317 916 562 980 insulae
610 933 933 978 censerem
981 913 1254 978 Achaeis
1302 933 1461 994 esse,
1510 919 1727 977 auctor
1773 933 1979 978 essem
2040 913 2288 977 senatui
2353 914 2710 997 populoque

251 1015 279 1060 6
318 1004 624 1080 Roman0,
672 1007 740 1063 ut
787 1019 926 1063 eam
972 1020 1087 1064 vos
1132 1000 1368 1064 habere
1399 1000 1696 1064 sinerent.
1791 1006 2068 1065 ceterum
2100 999 2263 1064 sicut
2304 999 2708 1081 testudinem,

319 1088 427 1152 ubi
475 1087 737 1152 collecta
780 1086 846 1149 in
894 1106 1078 1151 suum
1123 1092 1424 1169 tegumen
1471 1093 1586 1166 est,
1648 1092 1849 1150 tutam
1894 1086 1978 1150 ad
2022 1106 2241 1151 omnes
2301 1086 2463 1150 ictus
2523 1086 2711 1151 video

321 1194 488 1254 esse,
538 1173 645 1237 ubi
691 1173 928 1237 exserit
973 1179 1186 1255 partes
1231 1172 1496 1253 aliquas,
1547 1171 1986 1253 quodcumque
2031 1171 2316 1252 nudavit,
2363 1172 2710 1237 obnoxium

254 1274 280 1320 7
320 1267 510 1342 atque
564 1259 882 1324 infirmum
943 1259 1197 1339 habere,
1262 1258 1433 1322 haud
1498 1258 1886 1323 dissimiliter
1947 1279 2078 1339 vos,
2139 1258 2401 1339 Achaei,
2464 1259 2713 1325 clausos

319 1347 598 1428 undique
643 1346 822 1425 mari,
873 1366 1036 1426 quae
1083 1345 1248 1409 intra
1293 1344 1714 1428 Peloponnesi
1761 1352 1908 1408 sunt
1953 1345 2275 1425 terminos,
2339 1365 2415 1409 ea
2461 1352 2524 1409 et
2578 1346 2713 1410 iun-

249 1448 279 1493 8
315 1453 467 1516 gere
506 1432 689 1498 vobis
721 1438 783 1496 et
813 1433 1030 1496 iuncta
1060 1432 1220 1495 tueri
1267 1431 1475 1511 facile,
1523 1431 1710 1496 simul
1738 1430 2044 1494 aviditate
2076 1431 2256 1515 plura
2285 1432 2713 1515 amplectendi

316 1520 466 1583 hinc
514 1517 860 1598 excedatis,
908 1517 1080 1581 nuda
1127 1517 1308 1582 vobis
1354 1517 1584 1597 omnia,
1634 1537 1798 1598 quae
1845 1524 2028 1581 extra
2089 1518 2235 1597 sint,
2299 1524 2361 1582 et
2417 1518 2713 1601 exposita

248 1622 278 1667 9
316 1606 401 1670 ad
447 1624 666 1671 omnes
712 1604 875 1668 ictus
924 1603 1122 1669 esse.“
1215 1603 1591 1668 assentienti
1655 1603 1827 1669 omni
1875 1603 2139 1668 concilio
2202 1624 2320 1668 nec
2373 1603 2712 1688 Diophane

318 1692 484 1756 ultra
529 1690 789 1755 tendere
835 1710 990 1754 auso
1037 1689 1407 1771 Zacynthus
1452 1690 1760 1754 Romanis
1805 1689 2088 1754 traditur.

253 1795 274 1839 1
527 1778 836 1841 XXXIII.
915 1776 1037 1839 Per
1091 1775 1260 1840 idem
1322 1782 1572 1859 tempus
1634 1775 1965 1859 Philippus
2025 1797 2140 1841 rex
2208 1776 2715 1859 proficiscentem

322 1865 644 1929 consulem
690 1862 774 1926 ad
820 1864 1223 1944 Naupactum
1270 1868 1738 1945 percunctatus,
1787 1862 1839 1926 si
1886 1882 1954 1927 se
1999 1862 2270 1943 interim,
2335 1883 2498 1944 quae
2546 1862 2716 1927 defe-

252 1968 281 2013 2
322 1952 555 2015 cissent
600 1950 681 2013 ab
730 1950 1030 2014 societate
1076 1951 1383 2029 Romana,
1445 1948 1633 2012 urbes
1694 1949 1974 2030 recipere
2036 1949 2243 2029 vellet,
2307 1949 2715 2032 permittente

323 2057 396 2101 eo
443 2036 527 2100 ad
571 2035 1044 2099 Demetriadem
1108 2035 1323 2118 copias
1383 2033 1686 2115 admovit,
1750 2034 1921 2098 haud
1981 2034 2263 2118 ignaruS,
2327 2041 2565 2116 quanta
2626 2036 2719 2101 ibi

255 2143 284 2187 3
326 2128 460 2189 tum
506 2122 783 2188 turbatio
831 2126 1012 2187 esset.
1107 2121 1391 2186 destituti
1453 2121 1624 2185 enim
1684 2121 1765 2185 ab
1828 2121 2000 2186 omni
2046 2142 2179 2205 spe,
2245 2142 2386 2186 cum
2432 2120 2719 2188 desertos

534 2317 579 2368 1.
625 2312 901 2365 interdum
947 2327 1185 2380 purgare
1233 2327 1355 2364 sese
1403 2313 1518 2368 eod.
1546 2328 1644 2366 rec.
1667 2313 1913 2380 plerique
1949 2313 2147 2379 (Voss.‚
2186 2313 2318 2366 Lov.
2346 2313 2404 2378 2)
2417 2332 2436 2378 ‚·
2479 2327 2721 2379 purgare

325 2415 448 2453 sese
484 2400 546 2466 B,
595 2413 833 2468 purgare
878 2402 1171 2466 (pugnare)
1210 2397 1490 2450 interdum
1536 2412 1660 2450 sese
1695 2400 1941 2452 nonnull.
1977 2415 2077 2453 rec.
2115 2405 2164 2452 et
2187 2400 2265 2453 ed.
2292 2405 2385 2453 vet.
2421 2400 2428 2463 Ι
2460 2401 2509 2452 4.
2546 2398 2719 2452 incre·

321 2486 576 2553 pitabant
611 2486 682 2554 M,
725 2487 993 2553 Gelenius,
1041 2487 1117 2539 ed.
1155 2486 1329 2539 Basil.
1367 2488 1506 2538 1535
1514 2505 1533 2550 ‚·
1588 2483 1947 2551 increpabant
1983 2487 2074 2538 rel.
2102 2486 2214 2539 cod.
2243 2484 2328 2552 (B)
2366 2492 2414 2539 et
2457 2486 2537 2538 ed.
2575 2489 2720 2540 anti-

324 2577 485 2643 quiss.
521 2577 528 2641 Ι
563 2572 908 2640 imperatoris
946 2573 1016 2625 M.
1059 2574 1066 2638 Ι
1110 2575 1156 2626 6.
1196 2587 1374 2639 asper,
1421 2571 1501 2623 ita
1537 2571 1589 2622 M
1602 2590 1616 2638 ς
1654 2586 1816 2637 asper
1851 2569 1932 2623 ira
1967 2570 2046 2623 ita
2091 2573 2205 2627 eod.
2240 2589 2339 2626 ree.
2376 2578 2425 2625 et
2469 2573 2548 2626 ed.
2577 2576 2721 2627 anti·

325 2663 503 2729 quiea,
543 2674 773 2727 asperae
809 2659 924 2711 irae
949 2659 1027 2711 ita
1053 2658 1113 2723 B,
1148 2658 1391 2726 asperior
1434 2657 1516 2710 ita
1561 2660 1698 2713 coni.
1730 2660 1773 2711 1.
1803 2658 1868 2711 F.
1902 2658 2226 2713 Gronovius,
2262 2661 2270 2722 Ι
2302 2657 2503 2711 omissa
2546 2659 2723 2726 igitur

324 2747 677 2800 contentione
724 2746 791 2800 M.
836 2749 844 2810 Ι
886 2749 932 2800 8.
972 2748 1260 2797 censerent
1295 2745 1357 2797 B.
1401 2746 1409 2810 Ι
1449 2748 1498 2799 9.
1537 2743 1742 2796 sineret
1786 2744 1847 2809 B,
1885 2746 2131 2798 nonnull.
2167 2762 2265 2799 ree.
2304 2751 2352 2798 et
2387 2746 2464 2799 ed.
2503 2747 2724 2801 Aldina

317 2836 547 2903 priores
582 2834 588 2899 Ι
625 2837 702 2887 10.
729 2836 954 2900 tegmen
989 2833 1237 2885 nonnull.
1268 2832 1382 2886 cod.
1409 2848 1510 2885 ree.
1539 2831 1698 2893 (Lov.
1724 2832 1798 2896 2).
1832 2832 1840 2895 1
1872 2830 2046 2883 omnis
2079 2830 2141 2884 B.
2174 2831 2183 2896 Ι
2219 2834 2298 2885 11.
2324 2830 2422 2883 ubi
2457 2829 2634 2884 exiret
2659 2832 2722 2900 B,

325 2922 572 2976 nonnull.
601 2921 712 2974 eod.
740 2936 839 2973 rec.
868 2920 1072 2984 (Voss.)
1107 2925 1156 2970 et
1191 2919 1268 2971 ed.
1297 2918 1583 2985 antiquiss.
1616 2918 1624 2981 Ι
1657 2915 1827 2983 partis
1852 2916 1913 2969 B.
1947 2916 1955 2983 Ι
1986 2915 2218 2968 nudavit
2242 2918 2322 2970 ecl.
2350 2919 2524 2972 Basil.
2555 2923 2698 2973 1535
2706 2940 2725 2986 ‚-

325 3005 561 3059 nudabit
578 3006 639 3072 B,
667 3007 781 3061 cod.
801 3022 900 3058 rec.
917 3005 1163 3072 plerique
1188 3005 1392 3069 (Voss.)
1418 3010 1468 3057 et
1504 3005 1581 3057 ed.
1609 3010 1722 3068 vet„
1748 3001 1970 3054 nudarit
2004 3004 2138 3058 Lov.
2165 3007 2213 3057 2.
2250 3003 2258 3070 Ι
2293 3006 2371 3057 13.
2398 3019 2541 3071 quae
2575 3003 2723 3058 intra

324 3091 689 3159 Peloponnesi
713 3093 843 3144 sunt
868 3089 1128 3143 terminos
1153 3090 1230 3143 ed.
1254 3091 1431 3144 Basil.
1456 3093 1591 3143 1531
1603 3109 1621 3155 ;
1656 3103 1799 3155 quae
1836 3088 1980 3140 intra
2005 3088 2372 3156 Peloponnesi
2397 3088 2510 3142 sint
2533 3092 2722 3144 termi-

326 3194 426 3232 nos
451 3179 720 3232 ed.Basil.
735 3181 885 3240 1535,
912 3191 974 3243 qt,
1011 3177 1170 3244 (spat.
1192 3178 1329 3242 vac.)
1354 3175 1499 3228 intra
1524 3175 1936 3242 peloponnensfi
1963 3179 2048 3227 est
2072 3175 2302 3227 termino
2322 3175 2383 3241 B,
2403 3175 2554 3243 quod
2577 3176 2724 3230 intra

326 3263 770 3331 Peloponnesum
815 3267 899 3316 est
946 3262 1176 3314 termino
1230 3264 1308 3316 ecl.
1344 3263 1650 3331 antiquiss,
1686 3261 1835 3328 quod
1871 3260 2016 3313 intra
2051 3261 2547 3328 peloponnensium
2593 3268 2726 3316 sunt

329 3354 415 3403 est
459 3349 692 3403 termino
737 3351 871 3404 Lov.
908 3354 956 3415 1,
995 3348 1146 3416 quod
1182 3349 1327 3401 intra
1362 3347 1854 3415 peloponnensium
1899 3347 2080 3399 sinum
2118 3352 2203 3400 est
2239 3347 2470 3400 termino
2507 3349 2644 3404 Lov.
2672 3354 2723 3416 2,

329 3436 476 3504 quod
520 3435 666 3488 intra
702 3435 1196 3502 peloponnensium
1241 3433 1474 3488 termino
1522 3436 1687 3499 Voss„
1725 3432 1874 3500 quod
1909 3433 2055 3486 intra
2091 3433 2457 3501 Peloponnesi
2494 3439 2583 3488 est
2619 3440 2724 3489 ter·

329 3523 505 3576 minos
543 3523 934 3577 Drakenborch
973 3523 1241 3591 probante
1278 3523 1519 3576 Hertzio.
1555 3523 1562 3586 Ι
1598 3523 1680 3575 16.
1727 3518 1901 3573 01111118
1939 3519 1999 3572 Β.
2034 3520 2043 3587 Ι
2076 3519 2411 3573 assentiente
2456 3522 2536 3575 ed.
2571 3529 2671 3578 vet.
2713 3523 2720 3591 Ι

329 3608 599 3676 diaphene
636 3607 697 3660 B.
731 3610 739 3674 Ι
774 3612 854 3663 19.
892 3607 1162 3661 defecisse
1198 3607 1259 3660 B.
1293 3608 1301 3675 Ι
1333 3610 1416 3662 22.
1454 3606 1701 3659 turbatio
1736 3606 1783 3659 B
1819 3613 1869 3661 et
1902 3623 2003 3662 rec.
2026 3608 2271 3675 plerique
2292 3608 2451 3672 (Lov.
2475 3609 2563 3674 2);
2597 3623 2724 3662 con-

330 3694 576 3748 turbatio
621 3697 691 3750 al.
727 3713 826 3750 rec.
865 3695 1086 3763 (Voss),
1122 3693 1469 3761 perturbatio
1511 3695 1590 3748 ed.
1616 3695 1794 3749 Basil.
1820 3697 1972 3748 1535.
2008 3697 2016 3758 Ι
2048 3693 2119 3746 ab
2166 3693 2313 3747 omni
2349 3708 2445 3762 spe
2482 3695 2598 3751 cod.
2637 3696 2726 3764 (B)

331 3788 380 3835 et
415 3783 493 3836 ed.
521 3789 645 3849 vet.;
680 3781 751 3835 ab
790 3781 938 3835 omni
973 3795 1078 3848 ope
1116 3783 1227 3836 Iac.
1260 3781 1588 3846 Gronoviust,
1624 3781 1717 3834 sed
1753 3783 1822 3848 cf.
1851 3781 1931 3834 M.
1960 3781 2191 3835 Mueller
2217 3783 2397 3849 praef.
2415 3799 2473 3850 p.
2511 3783 2571 3836 V.
2608 3784 2616 3849 Ι

2752 1110 2810 1157 10

2755 1541 2810 1589 15

2751 1963 2810 2011 20
