2925 4278
306 173 430 238 180
760 192 987 245 LIBER
1023 191 1349 246 XXXVIII.
1388 191 1553 246 CAP.
1581 194 1664 247 53.
1692 196 1772 247 54.
1813 192 1885 261 [a.
1912 192 1976 246 U.
2004 209 2049 245 c.
2076 193 2220 262 567}

231 381 263 426 4
300 366 522 431 beret?
568 385 682 430 vos
728 365 807 430 de
853 367 922 430 P.
954 366 1255 430 Africano
1299 367 1575 451 palmam
1620 366 1757 451 peti
1787 365 2071 450 feretis?
2125 366 2397 432 nullisne
2450 366 2705 431 meritis

301 452 450 534 suis,
498 452 686 517 nullis
723 452 951 518 vestris
996 453 1358 533 honoribus,
1413 451 1727 530 Quirites,
1773 473 2072 535 umquam
2121 454 2187 517 in
2232 473 2443 518 arcem
2487 459 2703 517 tutam

303 545 365 603 et
418 540 592 604 velut
644 546 927 603 sanctam
981 539 1132 603 clari
1185 539 1305 604 viri
1359 540 1752 624 pervenient,
1815 540 1944 621 ubi,
1999 540 2053 605 si
2105 561 2233 606 non
2285 540 2700 621 venerabiIiS,

223 640 264 695 ,5
304 626 609 691 inviolata
661 627 883 691 saltem
935 632 1228 692 senectus
1282 647 1497 691 eorum
1552 625 1923 691 considat?“
2015 627 2212 692 movit
2259 632 2322 692 et
2368 630 2704 692 decretum

301 719 362 777 et
407 712 658 777 adiecta
700 713 898 779 oratio
945 734 1071 777 non
1119 720 1359 778 ceteros
1403 713 1611 794 mod0,
1659 712 1772 779 sed
1816 713 1988 797 ipsos
2032 715 2222 779 etiarn
2257 720 2696 797 accusatores3
2783 729 2816 774 5

232 812 262 858 6
301 806 363 864 et
409 798 864 865 deliberaturos
910 820 998 880 se,
1054 798 1206 882 quid
1252 799 1404 864 iuris
1450 800 1549 864 sui
1594 806 1658 865 et
1703 800 1895 865 officii
1948 806 2133 882 esset,
2189 799 2505 865 dixerunt.
2600 820 2703 863 se-

298 893 485 950 natus
531 885 761 951 deinde
808 886 1071 952 concilio
1116 887 1320 971 plebis
1367 887 1628 952 dimisso
1673 886 1894 952 haberi
1943 895 2036 953 est
2078 894 2356 971 coeptus.
2434 886 2523 951 ibi
2555 906 2703 968 gra-

297 973 423 1037 tiae
453 973 748 1057 ingentes
784 975 867 1038 ab
914 974 1211 1038 universo
1258 973 1497 1055 ordine,
1545 975 1883 1058 praecipue
1927 994 1969 1037 a
2013 974 2447 1039 consularibus
2491 974 2703 1038 senio-

181 1099 185 1105 ·
298 1060 616 1141 ribusque,
671 1060 766 1124 Ti.
821 1059 1104 1125 Graccho
1156 1067 1338 1125 actae
1392 1067 1559 1141 sunt,
1625 1059 1790 1143 quod
1849 1080 1983 1125 rem
2042 1060 2364 1145 publicam
2424 1059 2703 1145 privatis

232 1160 259 1206 7
299 1146 722 1212 simultatibus
775 1148 1081 1232 potiorem
1135 1147 1488 1232 habuisset;
1549 1154 1612 1212 et
1663 1147 1895 1212 Petillii
1953 1147 2170 1212 vexati
2226 1153 2372 1212 sunt
2423 1147 2697 1231 probris,
2747 1160 2817 1207 10

300 1232 467 1315 quod
528 1233 863 1318 splendere
921 1234 1133 1298 aliena
1190 1233 1433 1298 invidia
1476 1234 1825 1299 voluissent
1886 1240 1949 1298 et
2010 1234 2210 1318 spolia
2268 1254 2350 1298 ex
2404 1232 2702 1317 Africani

232 1334 262 1379 8
301 1319 617 1405 triumpho
681 1327 988 1405 peterent.
1082 1320 1399 1385 silentium
1465 1320 1696 1385 deinde
1757 1320 1838 1385 de
1897 1320 2197 1385 Africano
2261 1319 2400 1384 fuit.
2491 1320 2701 1384 vitam

300 1407 540 1472 Literni
593 1409 724 1492 egit
775 1409 911 1473 sine
966 1406 1278 1472 desiderio
1331 1407 1532 1491 urbis;
1596 1407 1966 1472 morientem
2025 1428 2168 1471 rure
2229 1427 2302 1471 eo
2362 1407 2500 1489 ipso
2554 1406 2701 1471 loco

301 1494 553 1576 sepeliri
599 1515 667 1559 sc
711 1496 970 1561 iussisse
1015 1493 1228 1559 ferunt
1280 1500 1881 1575 monumentumque
1935 1494 2024 1558 ibi
2070 1492 2409 1574 aedificari,
2465 1513 2547 1557 ne
2601 1493 2701 1557 fu-

233 1595 263 1640 9
302 1599 421 1644 nus
467 1580 587 1644 sibi
633 1581 697 1644 in
742 1582 992 1665 ingrata
1037 1581 1244 1666 patria
1288 1580 1485 1645 fieret.
1563 1580 1660 1644 vir
1697 1581 2140 1660 memorabilis,
2187 1579 2430 1645 bellicis
2474 1586 2700 1645 tamen
2744 1601 2810 1649 15
2916 1662 2920 1663 γ

301 1684 491 1747 quam
560 1667 738 1749 pacis
804 1669 1042 1733 artibus
1111 1667 1593 1732 memorabilior.
1700 1666 1988 1729 nobilior
2047 1667 2249 1750 prima
2311 1686 2460 1751 pars
2522 1667 2700 1732 vitae

301 1772 499 1834 quam
555 1758 873 1834 postrema
923 1754 1060 1835 fuit,
1116 1754 1265 1836 quia
1316 1754 1381 1817 in
1434 1755 1698 1818 iuventa
1750 1753 1916 1818 bella
1975 1752 2227 1818 assidue
2287 1760 2490 1836 gesta,
2550 1773 2697 1818 cum

302 1844 562 1903 senecta
604 1858 705 1903 res
751 1859 999 1921 quoque
1045 1839 1413 1921 defloruere,
1461 1860 1581 1904 nec
1627 1840 1916 1924 praebita
1961 1846 2057 1905 est
2100 1839 2365 1905 materia
2412 1839 2694 1923 ingenio,

203 1940 265 1987 10
304 1924 455 2007 quid
509 1923 595 1989 ad
645 1925 916 2010 primum
972 1927 1364 1991 consulatum
1420 1926 1754 2009 secundus,
1816 1926 2008 1992 etiam
2062 1927 2116 1990 si
2177 1946 2508 1991 censuram
2565 1925 2696 1990 adi-

303 2012 479 2077 cias?
528 2012 677 2095 quid
722 2012 1006 2077 Asiatica
1047 2013 1302 2097 legatio,
1352 2020 1414 2078 et
1459 2013 1826 2078 valetudine
1870 2012 2140 2078 adversa
2184 2012 2427 2077 inutilis
2473 2019 2538 2076 et
2580 2012 2690 2076 filii
2730 2032 2799 2080 20

302 2118 453 2165 casu
498 2098 851 2165 deformata
896 2105 958 2164 et
1003 2106 1143 2185 post
1188 2099 1461 2165 reditum
1516 2101 1896 2167 necessitate
1950 2105 2058 2164 aut
2111 2099 2425 2165 subeundi
2477 2097 2687 2164 iudicii

202 2202 260 2247 11
302 2194 412 2251 aut
457 2188 642 2253 simul
688 2208 829 2252 cum
875 2188 1081 2271 patria
1131 2186 1508 2252 deserendi?
1583 2188 1805 2253 Punici
1859 2194 2072 2252 tamen
2124 2187 2274 2252 belli
2326 2186 2690 2271 perpetrati,

303 2295 426 2356 quo
487 2275 725 2339 nullum
791 2294 995 2356 neque
1063 2275 1266 2339 maius
1333 2295 1540 2357 neque
1609 2274 2019 2359 periculosius
2080 2275 2347 2339 Romani
2414 2293 2691 2358 gessere,

301 2381 465 2426 unus
510 2362 917 2446 praecipuam
960 2361 1225 2445 gloriam
1271 2363 1432 2426 tulit.

239 2465 258 2508 1
507 2449 670 2513 LIV.
735 2449 933 2512 Morte
1001 2448 1283 2512 Africani
1353 2468 1610 2513 crevere
1671 2447 2065 2514 inimicorum
2132 2448 2356 2532 animi;
2429 2467 2694 2529 quorum
2732 2468 2797 2516 25

303 2534 597 2618 princeps
641 2534 761 2599 fuit
804 2535 886 2598 M.
921 2534 1177 2600 Porcius
1227 2536 1402 2616 Cato,
1451 2535 1559 2616 qui
1596 2535 1745 2600 vivo
1793 2555 2040 2617 quoque
2087 2554 2160 2599 eo
2207 2534 2522 2599 adlatrare
2568 2556 2692 2599 ma-

512 2727 557 2778 1.
606 2725 669 2778 de
725 2726 1156 2793 interpunctione
1200 2727 1271 2793 cf.
1306 2725 1539 2793 Madvig}
1587 2727 1618 2780 l.
1656 2727 1687 2779 l.
1723 2727 1731 2790 Ι
1771 2725 1830 2777 Ρ.
1866 2723 2137 2778 Africano
2182 2724 2254 2792 M,
2292 2726 2499 2788 Aldus;
2555 2738 2690 2792 pace

304 2809 555 2863 Africani
593 2813 707 2864 cod.
733 2828 834 2865 rec.
861 2817 910 2864 et
945 2813 1021 2866 ecl.
1043 2814 1217 2879 prior.
1253 2815 1261 2877 Ι
1292 2811 1408 2879 peti
1444 2810 1634 2865 feretis
1670 2813 1901 2882 Madvig]
1939 2815 1970 2867 l.
2000 2814 2063 2879 l.;
2097 2811 2359 2879 peteretis
2395 2812 2509 2866 cod.
2528 2812 2690 2880 pleri-

304 2916 402 2966 que
440 2904 488 2952 et
524 2899 601 2952 ed.
638 2904 751 2965 vet„
788 2897 1155 2964 impetraretis
1183 2900 1426 2968 Seyffert.
1460 2900 1469 2966 Ι
1500 2901 1547 2953 2.
1575 2888 1779 2953 vestris
1810 2902 1923 2956 cod.
1943 2907 1992 2954 et
2027 2901 2106 2954 ed.
2132 2906 2226 2954 vet.
2236 2920 2256 2967 ‚·
2291 2902 2483 2955 indus,
2511 2900 2687 2965 Hertz,

303 2983 505 3036 nostris
559 2986 696 3040 coni.
731 2985 976 3053 Madviy.
1019 2986 1027 3052 Ι
1066 2982 1319 3053 Quirites,
1373 3001 1635 3053 umquam
1688 2987 1764 3039 H.
1800 2988 1847 3040 I.
1885 2988 2117 3041 Mueller
2159 3004 2290 3040 ann.
2332 2987 2686 3041 Berol.<1891

296 3089 357 3139 p.
392 3076 529 3137 171,·
582 3084 816 3137 cumqua
870 3070 952 3138 M,
994 3072 1201 3138 Aldus,
1246 3087 1504 3139 umquam
1551 3073 1629 3126 ed.
1665 3074 1845 3127 Basil.
1888 3077 2050 3140 1531,
2092 3075 2197 3128 om.
2233 3074 2348 3128 cod.
2381 3090 2482 3129 rec.
2520 3078 2569 3126 et
2612 3072 2689 3126 ed.

300 3159 471 3225 prior.
506 3158 515 3222 Ι
546 3157 601 3210 in
651 3155 1184 3210 arcem—inviolata
1231 3158 1426 3211 saltem
1475 3158 1545 3227 M,
1581 3160 1779 3228 Aldus,
1817 3161 1895 3215 ed.
1932 3161 2109 3215 Basil.
2144 3164 2281 3214 1531
2326 3166 2375 3213 et
2416 3176 2547 3228 seq.‚·
2589 3177 2690 3214 om.

302 3245 394 3298 rel.
439 3244 554 3299 cod.
599 3250 647 3298 et
708 3245 786 3297 ed,
822 3245 997 3312 prior.
1041 3244 1049 3310 1
1090 3245 1140 3297 6.
1199 3248 1255 3296 et
1316 3242 1719 3298 deliberaturos
1769 3247 2015 3301 nonnull.
2062 3247 2176 3302 cod.
2218 3262 2320 3301 rec.
2354 3246 2513 3311 (Lov.
2544 3246 2601 3312 2)
2643 3252 2690 3299 et

305 3332 384 3384 ed.
424 3337 548 3394 vet.;
593 3328 992 3382 deliberaturos
1042 3331 1156 3385 cod,
1182 3348 1283 3385 ree.
1305 3333 1550 3399 plerique
1594 3332 1812 3397 (Voss).
1846 3335 1854 3398 1
1889 3335 1968 3388 16.
2004 3330 2242 3386 nobilior
2276 3333 2405 3387 add.
2434 3333 2687 3386 Weissen-

306 3418 442 3471 born
485 3418 565 3470 ed.
602 3418 827 3489 Weidm.
859 3434 917 3487 p.
944 3419 1047 3471 373
1070 3418 1227 3483 adim
1263 3422 1320 3470 et
1354 3417 1554 3470 clarior
1577 3419 1807 3488 Madvig]
1833 3419 1957 3472 Em.
1983 3420 2051 3474 L.
2083 3437 2141 3488 1>-
2169 3423 2287 3487 553,
2325 3423 2383 3472 et
2416 3417 2689 3471 inlustrior

308 3504 489 3557 Hertz.
526 3506 533 3568 Ι
563 3503 738 3569 prima
774 3519 901 3570 pars
939 3503 1430 3572 vitae—praebita
1477 3507 1563 3557 est
1600 3504 1670 3572 M,
1706 3507 1913 3573 Aldus,·
1958 3505 2047 3558 cui
2092 3522 2192 3574 par
2234 3504 2424 3559 habita
2474 3509 2560 3558 est
2598 3506 2680 3559 rel.

306 3590 420 3643 cod.
447 3596 495 3642 et
531 3591 611 3642 ed.
629 3592 805 3656 prior.
839 3597 847 3649 Ι
882 3593 961 3645 19.
991 3589 1124 3658 quid
1161 3590 1232 3643 ad
1261 3593 1499 3658 „codices
1537 3593 1793 3661 autiquae
1827 3593 2160 3661 scriptam-affl
2194 3594 2372 3648 Geleu.
2409 3592 2484 3661 (M
2505 3590 2579 3644 S?
2611 3592 2682 3644 vel

307 3674 420 3742 S?)‚
459 3678 593 3730 Lov.
618 3678 712 3745 22,
750 3678 827 3731 ed.
856 3678 1033 3732 Basil.
1063 3681 1225 3745 1535;
1269 3677 1454 3746 quoad
1493 3677 1625 3747 (quo
1671 3677 1743 3731 ad
1778 3680 1873 3746 al.)
1909 3679 1961 3731 M
1999 3686 2109 3734 test.
2149 3680 2415 3747 Moyunt„
2454 3679 2565 3735 cod.
2590 3695 2681 3732 rec.

308 3765 512 3830 (Voss.)
556 3770 605 3817 et
650 3764 921 3831 edprior„
957 3763 1051 3831 qui
1096 3762 1168 3816 ad
1212 3766 1282 3818 al.
1321 3766 1435 3820 cod.
1483 3782 1581 3819 rec.
1618 3767 1625 3830 Ι
1657 3767 1739 3820 24.
1785 3780 1927 3818 unus
1979 3767 2157 3820 Gelen.
2207 3764 2353 3834 (ΜῬ),
2400 3767 2478 3820 ed.
2514 3766 2682 3819 Basil.

307 3854 445 3905 1535
453 3870 473 3918 ,·
505 3865 671 3903 unam
709 3851 822 3905 cod.
849 3867 952 3904 rec.
978 3856 1026 3904 et
1070 3851 1150 3904 ed.
1168 3853 1364 3920 prior„
1403 3851 1553 3904 uiam
1584 3853 1733 3914 Voss,
1768 3854 1775 3920 Ι
1807 3855 1889 3908 26.
1928 3851 2203 3906 adlatrare
2239 3854 2339 3920 (ed.
2368 3852 2580 3918 Parm.)
2612 3854 2685 3907 vel
