2925 4278
634 172 858 225 LIBER
895 172 1190 227 XXXVII.
1229 172 1396 226 cAP.
1422 174 1504 227 32.
1533 175 1614 227 33.
1656 171 1727 240 [a.
1757 172 1819 226 U.
1847 187 1891 226 ο.
1920 174 2064 241 564].
2455 153 2536 216 87

152 353 536 431 paterentur.
631 366 772 411 cum
840 347 1025 431 signa
1098 347 1162 410 in
1223 348 1445 411 urbem
1504 346 1884 412 inferrentur
1944 354 2008 412 et
2071 347 2540 431 pronuntiasset

151 440 408 518 praetor
452 433 627 516 parci
673 453 741 498 se
789 432 1021 498 deditis
1068 435 1248 514 velle,
1314 434 1550 498 clamor
1607 433 1886 516 undique
1948 442 2044 497 est
2089 434 2390 513 sublatus,
2452 434 2540 497 in·

152 520 422 603 dignum
463 520 710 584 facinus
756 540 914 600 esse,
961 520 1419 600 Phocaeenses,
1468 540 1812 602 numquam
1844 519 2004 585 fidos
2036 521 2257 599 sociOS,
2292 541 2541 604 semper

154 606 419 671 infestos
465 606 699 686 hostes,
744 607 1004 690 impune
1050 607 1320 673 eludere.
1397 608 1482 671 ab
1528 607 1649 671 hac
1695 626 1849 671 voce
1882 607 2054 671 velut
2083 607 2263 691 signo
2295 627 2336 670 a
2365 627 2540 690 prae-

86 713 117 761 5
156 700 288 757 tore
351 692 500 757 dato
561 692 646 756 ad
704 693 1128 778 diripiendam
1189 695 1409 758 urbem
1471 694 1709 778 passim
1770 693 2143 758 discurrunt.
2236 694 2541 758 Aemilius

156 780 359 864 primo
405 780 699 844 resistere
758 787 823 844 et
883 800 1179 845 revocare
1238 779 1508 847 dicendo
1572 788 1810 864 captas,
1866 801 1992 845 non
2049 780 2295 844 deditas
2356 779 2541 864 diripi

161 867 364 945 nrbeS,
413 872 476 931 et
520 866 586 929 in
633 867 711 931 iis
756 873 969 932 tamen
1016 868 1429 952 imperatoris,
1477 888 1606 931 non
1662 868 1930 931 militum
1990 868 2317 932 arbitrium
2380 886 2537 932 esse.

158 959 495 1036 postquam
538 953 635 1017 ira
693 959 756 1017 et
813 955 1082 1018 avaritia
1141 955 1403 1039 imperio
1464 955 1819 1038 potentiora
1866 962 2064 1035 erant,
2119 955 2540 1038 praeconibus

156 1060 271 1123 per
337 1041 557 1103 urbem
620 1040 830 1105 missis
888 1041 1117 1105 liberos
1184 1061 1404 1106 omnes
1481 1042 1547 1104 in
1621 1041 1825 1105 forum
1900 1039 1986 1104 ad
2061 1061 2128 1105 se
2205 1043 2544 1105 convenire

62 1146 122 1193 10
159 1126 355 1205 iubet,
402 1145 484 1189 ne
530 1127 946 1211 violarentur;
996 1136 1058 1193 et
1102 1128 1167 1190 in
1214 1127 1525 1209 omnibuS,
1573 1148 1738 1209 quae
1783 1127 1980 1211 ipsius
2025 1128 2356 1211 potestatis
2416 1128 2544 1191 fue·

157 1219 323 1290 runt,
373 1211 532 1277 fides
580 1214 859 1278 constitit
904 1215 1228 1298 praetoris.
1321 1214 1544 1278 urbem
1589 1234 1901 1297 agrosque
1947 1221 2009 1279 et
2054 1233 2199 1279 suas
2245 1215 2420 1296 leges
2464 1214 2542 1278 iis

158 1299 468 1382 restituit;
504 1307 567 1363 et
611 1300 761 1380 quia
807 1300 1013 1365 hiems
1058 1300 1184 1364 iam
1230 1301 1590 1385 appetebat,
1652 1300 1981 1364 Phocaeae
2042 1308 2259 1384 portus
2317 1299 2401 1363 ad
2448 1299 2542 1363 hi-

155 1384 556 1451 bernandum
604 1387 790 1451 classi
836 1386 1089 1470 delegit.

369 1472 677 1536 XXXIII.
727 1475 848 1537 Per
892 1473 1061 1537 idem
1106 1473 1238 1538 fere
1283 1447 1534 1573 tempus
1581 1473 1841 1552 consuli,
1890 1480 2281 1573 transgresso
2320 1473 2544 1537 Aenio-

66 1579 123 1626 15
156 1578 296 1622 rum
346 1559 919 1640 Maronitarumque
965 1560 1142 1640 fines,
1191 1560 1514 1624 nuntiatur
1558 1560 1791 1624 victam
1837 1560 2076 1642 regiam
2141 1560 2407 1624 classem
2463 1559 2545 1623 ad

159 1646 585 1728 Myonnesum
631 1646 1042 1729 relictamque
1071 1668 1111 1710 a
1141 1645 1453 1730 praesidio
1487 1645 1958 1729 Lysimachiam
2006 1666 2162 1711 esse.
2239 1646 2307 1710 id
2351 1647 2546 1710 multo

162 1752 354 1813 quam
398 1730 479 1796 de
525 1734 738 1797 navali
784 1734 1048 1798 victoria
1101 1733 1325 1797 laetius
1384 1732 1523 1813 fuit,
1587 1733 1803 1813 utique
1862 1741 2196 1817 postquam
2243 1754 2316 1798 eo
2364 1752 2546 1797 vene-

164 1825 325 1899 runt,
376 1818 732 1901 refertaque
777 1820 927 1884 urbs
972 1820 1253 1885 omnium
1313 1839 1521 1883 rerum
1582 1821 2037 1884 commeatibus
2098 1820 2271 1884 velut
2327 1820 2395 1883 in
2442 1819 2548 1883 ad-

166 1912 425 1970 ventum
471 1907 785 1972 exercitus
830 1906 1224 1991 praeparatis
1286 1926 1392 1971 eos
1438 1905 1709 1989 excepit,
1771 1906 1880 1970 ubi
1928 1907 2206 1989 inopiam
2261 1906 2547 1970 ultimam

69 2011 129 2059 20
160 1993 572 2074 laboremque
630 1994 696 2058 in
763 1992 1113 2058 obsidenda
1181 1993 1335 2056 urbe
1403 1999 1860 2092 proposuerant
1927 1993 2066 2057 sibi.
2158 1992 2246 2056 ibi
2315 2012 2549 2075 paucos

161 2079 300 2145 dies
350 2080 585 2145 stativa
627 2080 925 2160 habuere,
983 2079 1437 2163 impedimenta
1499 2079 1799 2163 aegrique
1862 2086 1928 2144 ut
1997 2086 2547 2161 consequerentur,

163 2167 269 2249 qui
316 2167 556 2251 passim
603 2188 714 2250 per
759 2173 968 2231 omnia
1010 2167 1321 2230 Thraciae
1367 2166 1647 2245 castella,
1695 2166 1848 2231 fessi
1896 2167 2132 2231 morbis
2177 2186 2255 2229 ac
2287 2166 2549 2250 longitu-

160 2253 313 2318 dine
369 2253 532 2333 viae,
594 2254 793 2318 relicti
839 2260 1036 2318 erant.
1140 2254 1411 2337 receptis
1471 2253 1763 2317 omnibus
1825 2253 2093 2336 ingressi
2156 2272 2371 2317 rursus
2434 2253 2552 2316 iter

161 2361 275 2423 per
323 2339 785 2405 Chersonesum
848 2340 1324 2425 Hellespontum
1383 2339 1783 2423 perveniunt.
1875 2339 1983 2404 ubi
2045 2339 2337 2403 omnibus
2400 2359 2553 2403 cura

74 2445 131 2492 25
165 2427 335 2510 regis
380 2427 681 2491 Eumenis
725 2426 808 2490 ad
854 2426 1271 2491 traiciendum
1317 2426 1708 2510 praeparatis
1755 2426 2022 2490 velutin
2055 2432 2283 2508 pacata
2323 2425 2552 2505 littora,

167 2514 340 2577 nullo
382 2512 779 2596 prohibente,
810 2513 951 2577 aliis
997 2514 1119 2577 alio
1166 2513 1391 2577 delatis
1437 2512 1728 2590 navibuS,
1763 2513 1900 2576 sine
1932 2513 2198 2576 tumultu
2229 2512 2550 2577 traiecere.

164 2620 241 2665 ea
309 2619 461 2663 vero
528 2620 628 2664 res
689 2601 991 2665 Romanis
1049 2600 1230 2664 auxit
1290 2599 1554 2679 animos,
1617 2619 1987 2664 concessum
2053 2599 2174 2663 sibi
2221 2598 2553 2662 transitum

164 2686 574 2751 cernentibus
620 2687 684 2751 in
731 2688 969 2767 Asiam,
1018 2707 1210 2768 quam
1253 2706 1387 2750 rem
1433 2686 1650 2769 magni
1697 2686 2060 2750 certaminis
2104 2685 2383 2749 futuram
2430 2704 2554 2749 cre-

163 2880 255 2933 rel.
285 2879 402 2934 eod.
431 2877 518 2944 (B)
553 2885 603 2932 et
638 2879 717 2932 ed.
746 2878 1033 2946 antiquiss,
1069 2878 1076 2943 Ι
1109 2879 1155 2932 3.
1193 2875 1485 2943 phocensis
1522 2875 1584 2929 B.
1618 2877 1626 2941 Ι
1657 2879 1706 2930 4.
1745 2875 1921 2929 hostis
1958 2876 2019 2928 B.
2052 2881 2060 2935 Ι
2094 2880 2140 2930 7.
2180 2876 2234 2928 in
2280 2875 2349 2929 iis
2385 2877 2456 2943 B3
2502 2876 2557 2929 in

164 2967 249 3020 his
288 2969 384 3021 rel.
413 2966 528 3021 cod.
553 2972 603 3020 et
645 2967 724 3019 ed.
761 2972 857 3020 vet.
893 2967 900 3030 1
932 2968 980 3021 8.
1028 2963 1255 3031 imperio
1302 2963 1650 3030 opulentiora
1695 2964 1763 3016 M.
1799 2966 1805 3030 Ι
1839 2967 1886 3019 9.
1925 2964 2098 3016 omnis
2146 2963 2207 3017 B.
2243 2968 2249 3027 Ι
2286 2967 2365 3019 11.
2403 2964 2558 3031 leges

165 3053 250 3107 his
288 3053 354 3106 B.
388 3054 396 3118 l
431 3055 510 3108 12.
549 3051 760 3118 hiemps
795 3051 904 3104 iam
942 3051 1003 3104 B.
1039 3070 1043 3106 ι
1080 3055 1158 3106 15.
1198 3050 1610 3118 maronitanfiq3
1657 3050 1780 3103 finis
1817 3051 1876 3103 B.
1912 3052 1919 3116 Ι
1954 3054 2034 3106 16.
2075 3049 2419 3104 mionnesum
2454 3049 2516 3102 B.
2548 3047 2553 3118 Ι

169 3143 249 3196 19.
290 3155 391 3193 eos
429 3139 576 3192 excit
608 3139 670 3192 B.
705 3142 712 3202 Ι
743 3138 843 3192 ubi
880 3140 995 3193 eod.
1022 3145 1070 3192 et
1106 3140 1214 3200 ecl.;
1250 3137 1349 3190 ubi
1385 3137 1492 3191 sibi
1531 3140 1711 3192 Hertz.
1747 3141 1755 3203 Ι
1787 3141 1868 3193 20.
1894 3141 2298 3206 proposuerant
2322 3135 2443 3189 sibi.
2481 3135 2559 3188 ibi

166 3241 378 3295 paucos
417 3227 636 3292 Bekker,
673 3227 1048 3281 Weissenborn
1083 3227 1163 3280 ecl.
1200 3227 1452 3288 Weidm.‚·
1499 3224 1603 3278 sibi
1648 3229 2063 3293 proposuerant.
2101 3223 2180 3276 ibi
2226 3238 2434 3290 paucos
2478 3225 2558 3277 ed.

166 3316 348 3369 Basil.
385 3316 540 3381 1535,
574 3316 976 3381 proposuerant
1023 3310 1144 3365 sibi.
1194 3328 1401 3379 paucos
1447 3312 1509 3379 B,
1558 3313 1804 3380 Madv-239,
1854 3313 1932 3364 M.
1968 3313 2215 3379 Mueller,
2262 3326 2561 3379 proposue-

165 3406 310 3454 rant.
369 3398 445 3452 ibi
496 3414 703 3465 paucos
750 3401 864 3454 cod.
898 3417 1017 3465 ree„
1071 3400 1153 3453 ecl.
1189 3401 1492 3467 antiquiss„
1540 3401 1725 3466 Hertz,
1769 3404 2170 3466 proposuerant
2213 3397 2424 3451 animis.
2481 3397 2561 3451 ibi

166 3501 380 3555 paucos
416 3486 791 3540 Weissenborn
827 3487 908 3540 ed.
938 3486 1134 3539 Teubn.
1169 3487 1176 3552 Ι
1209 3488 1291 3539 21.
1331 3489 1394 3537 ut
1436 3483 1828 3551 impedimenta
1865 3484 2126 3552 aegrique
2164 3499 2562 3551 consequeren-

168 3581 258 3626 tur
306 3573 378 3639 M,
423 3573 559 3627 Lov.
592 3575 643 3625 2.
678 3574 686 3636 Ι
717 3574 800 3625 24.
840 3571 1261 3624 cherronensum
1311 3571 1371 3625 B.
1405 3574 1411 3636 1
1443 3574 1527 3626 26.
1565 3571 1687 3624 aliis
1732 3570 1839 3624 alio
1877 3572 1955 3625 ed.
1984 3573 2209 3627 Mediol.
2236 3576 2389 3638 1505,
2428 3574 2560 3626 Par.

170 3665 309 3714 1513
346 3666 397 3713 et
431 3676 565 3727 seq.‚·
601 3657 693 3710 alii
734 3658 843 3710 alio
880 3658 924 3710 B
961 3666 1009 3712 et
1045 3660 1123 3712 ed.
1149 3661 1451 3728 antiquiss„
1490 3657 1599 3710 alio
1638 3660 1752 3714 eod.
1778 3676 1875 3714 ree.
1905 3660 2062 3724 (Lov.
2086 3661 2159 3725 2).
2193 3660 2201 3724 Ι
2234 3662 2316 3713 27.
2343 3673 2565 3711 conces-

172 3763 295 3801 sum
340 3746 444 3800 sibi
489 3746 780 3799 transitum
818 3745 1172 3799 cernentibus
1208 3747 1264 3799 in
1300 3746 1497 3800 Asiam
1534 3747 1613 3800 ed.
1641 3753 1763 3809 vet.;
1807 3761 2131 3798 concessum
2177 3745 2283 3798 sibi
2327 3744 2562 3800 transire

172 3834 529 3889 cernentibus
565 3839 684 3885 tum
721 3833 778 3885 in
817 3833 987 3886 asiam
1018 3835 1131 3888 cod.
1158 3833 1261 3900 (B),
1288 3835 1350 3887 de
1373 3835 1569 3889 erroris
1595 3834 1805 3901 oriyine
1831 3836 1899 3901 ef.
1928 3834 2007 3888 M.
2039 3835 2269 3887 Mueller
2284 3851 2343 3902 p.
2364 3834 2528 3887 VIII.
2554 3832 2561 3902 Ι

2580 358 2640 405 11

2581 619 2646 666 12

2581 966 2643 1013 13

2583 1226 2648 1273 14
