2925 4278
1 1567 65 1614 15

7 1997 68 2045 20

13 2870 69 2917 30

557 174 781 228 LIBER
819 140 1088 230 xxxvl.
1127 175 1293 229 CAP.
1321 179 1403 231 36.
1430 180 1514 231 37.
1542 179 1624 232 38.
1662 178 1730 243 [a.
1760 176 1823 231 U.
1852 191 1897 230 ο.
1924 176 2068 245 563}
2423 158 2503 220 41

108 367 252 411 eam
300 346 623 411 sexdecim
670 348 859 413 annis
904 355 1053 414 ante
1099 349 1179 411 M.
1215 349 1434 413 Livius
1466 349 1701 429 consul,
1753 369 1874 430 quo
1908 348 2011 414 die
2043 347 2510 413 Hasdrubalem

108 433 592 515 exercitumque
638 434 773 499 eius
821 434 1081 519 cecidit3
1131 434 1298 499 idem
1362 456 1585 501 censor
1650 456 1791 499 eam
1851 434 2211 500 faciendam
2277 434 2510 499 locavit

104 520 186 583 M.
226 520 523 584 Cornelio
571 519 636 583 P.
673 520 1044 606 Sempronio
1091 522 1469 586 consulibus.
1563 522 1749 585 huius
1800 541 2050 603 quoque
2111 519 2507 585 dedicandae
2549 537 2577 584 7

105 625 306 669 causa
349 605 483 669 ludi
528 605 701 688 facti,
751 612 813 671 et
860 628 934 671 eo
980 610 1193 672 omnia
1239 629 1376 672 cum
1428 608 1668 673 maiore
1729 608 2031 689 religione
2092 607 2285 688 facta,
2344 606 2510 689 quod

108 712 352 756 novum
401 711 544 755 cum
590 692 906 758 Antiocho
953 695 1233 758 instabat
1278 695 1531 759 bellum.

322 779 658 842 XXXVII.
710 780 1029 863 Principio
1076 782 1211 846 eius
1271 782 1444 861 anni,
1509 801 1631 862 quo
1691 780 1852 844 haec
1912 782 2039 844 iam
2084 778 2366 863 profecto
2426 778 2511 842 ad
2553 795 2577 839 1

104 864 349 928 bellum
396 862 499 928 Μ’.
534 865 757 946 Acilio,
830 874 1127 930 manente
1190 866 1399 932 adhuc
1467 869 1707 932 Romae
1775 868 1843 930 P.
1895 865 2186 932 Cornelio
2254 865 2509 929 consule

102 951 487 1035 agebantur,
539 953 734 1015 boves
782 952 939 1016 duos
985 953 1252 1017 domitos
1298 954 1362 1016 in
1412 953 1662 1018 Carinis
1708 973 1820 1036 per
1882 954 2085 1018 scalas
2140 952 2506 1036 pervenisse
2546 967 2575 1012 2

102 1037 172 1101 in
219 1037 471 1120 tegulas
517 1036 791 1101 aedificii
838 1039 1151 1121 proditum
1199 1040 1540 1103 memoriae
1603 1045 1714 1103 est.
1812 1059 1920 1104 eos
1981 1040 2163 1103 vivos
2225 1038 2505 1103 comburi

104 1124 516 1204 cineremque
563 1143 778 1188 eorum
826 1124 987 1188 deici
1035 1126 1099 1189 in
1146 1126 1427 1189 Tiberim
1459 1126 1828 1209 haruspices
1859 1126 2194 1190 iusserunt.
2286 1126 2507 1188 Tarra-
2548 1139 2578 1185 3

105 1210 293 1274 cinae
341 1216 407 1274 et
452 1210 761 1273 Amiterni
809 1212 1165 1275 nuntiatum
1229 1219 1324 1277 est
1382 1213 1762 1293 aliquotiens
1821 1211 2138 1294 lapidibus
2208 1211 2509 1293 pluvisse,

102 1296 463 1360 Menturnis
510 1295 736 1360 aedem
798 1297 966 1361 Iovis
1028 1304 1090 1362 et
1151 1299 1448 1363 tabernas
1496 1299 1664 1363 circa
1709 1299 1913 1361 forum
1960 1297 2041 1361 de
2090 1297 2262 1361 caelo
2306 1302 2511 1361 tactas

103 1401 268 1463 esse,
319 1381 611 1446 Volturni
657 1383 723 1445 in
771 1384 930 1448 ostio
978 1384 1256 1448 fluminis
1303 1384 1460 1448 duas
1507 1404 1706 1448 naves
1751 1383 2016 1449 fulmine
2077 1383 2236 1447 ictas
2283 1381 2508 1446 confla-

100 1488 347 1552 grasse.
442 1488 653 1532 eorum
720 1469 1146 1553 prodigiorum
1208 1491 1401 1534 causa
1462 1471 1653 1535 libros
1700 1470 2045 1552 Sibyllinos
2106 1491 2189 1535 ex
2251 1476 2509 1533 senatus
2546 1481 2580 1532 4

104 1555 398 1619 consulto
445 1552 786 1619 decemviri
837 1576 979 1619 cum
1025 1556 1326 1637 adissent,
1377 1558 1937 1621 renuntiaverunt:
1986 1556 2290 1620 ieiunium
2336 1555 2510 1619 insti-

101 1639 416 1705 tuendum
464 1641 677 1706 Cereri
725 1662 885 1721 esse,
935 1649 997 1706 et
1041 1642 1109 1705 id
1156 1644 1370 1724 quinto
1433 1664 1684 1724 quoque
1742 1663 1910 1707 anno
1974 1642 2388 1724 servandum;
2447 1648 2511 1706 et
2548 1656 2578 1703 5

103 1733 173 1791 ut
236 1726 640 1792 novemdiale
704 1748 953 1794 sacrum
1015 1728 1193 1793 fieret
1255 1737 1317 1793 et
1378 1750 1574 1794 unum
1637 1728 1804 1793 dier‘n
1867 1729 2244 1812 supplicatio
2306 1735 2508 1811 esset;

104 1814 393 1878 coronati
441 1814 900 1899 supplicarent,
951 1822 1013 1879 et
1060 1816 1277 1879 consul
1322 1817 1391 1880 P.
1427 1815 1776 1895 Cornelius,
1826 1816 2057 1896 quibus
2103 1814 2225 1878 diis
2257 1814 2509 1895 quibus·

105 1920 232 1981 que
279 1899 503 1964 hostiis
551 1900 902 1965 edidissent
948 1901 1309 1981 decemviri,
1359 1901 1758 1966 sacrificaret.
1860 1902 2126 1984 placatis
2172 1901 2294 1965 diis
2339 1920 2509 1964 nunc
2548 1914 2578 1961 6

105 1986 273 2050 votis
320 1987 439 2050 rite
487 1987 808 2051 solvendis
854 2007 1023 2052 nunc
1068 1988 1372 2071 prodigiis
1419 1988 1777 2071 expiandis,
1825 1989 1891 2051 in
1937 1988 2328 2072 provinciam
2375 2007 2511 2070 pro-

108 2072 415 2136 ficiscitur
462 2074 698 2155 consul,
745 2080 937 2155 atque
999 2073 1147 2138 inde
1197 2076 1309 2141 Gn.
1343 2075 1691 2138 Domitium
1753 2076 2192 2158 proconsulem
2249 2073 2510 2138 dimisso

106 2159 400 2224 exercitu
431 2161 694 2224 Romam
739 2161 1049 2226 decedere
1091 2163 1303 2245 iussit,
1352 2162 1588 2247 ipsein
1620 2182 1846 2244 agrum
1893 2162 2192 2226 Boiorum
2223 2161 2510 2244 legiones

106 2245 385 2309 induxit.

322 2332 689 2396 XXXVIII.
725 2335 856 2398 Sub
889 2333 1059 2397 idem
1091 2334 1223 2398 fere
1254 2340 1507 2417 tempus
1538 2334 1806 2416 Ligures
1836 2335 1977 2417 lege
2010 2340 2260 2398 sacrata
2291 2340 2507 2398 coacto
2552 2349 2576 2393 1

106 2418 400 2484 exercitu
447 2426 634 2483 nocte
679 2420 1020 2502 improviso
1069 2427 1275 2484 castra
1335 2419 1408 2496 Q.
1445 2420 1705 2483 Minucii
1766 2420 2157 2503 proconsulis
2220 2419 2509 2502 aggressi

104 2510 273 2569 sunt.
369 2505 682 2570 Minucius
727 2526 926 2587 usque
973 2505 1055 2569 ad
1103 2507 1306 2570 lucem
1353 2506 1523 2570 intra
1567 2506 1802 2570 vallum
1835 2505 2095 2569 militem
2133 2507 2508 2570 instructum
2548 2519 2578 2566 2

102 2590 312 2655 tenuit
358 2591 659 2672 intentUS,
708 2612 789 2656 ne
837 2612 962 2673 qua
1008 2590 1485 2657 transcenderet
1539 2592 1741 2657 hostis
1802 2592 2210 2656 munimenta.
2305 2591 2510 2676 prima
2548 2606 2579 2653 3

102 2677 248 2741 luce
297 2676 543 2742 duabus
590 2678 774 2742 simul
837 2678 1034 2760 portis
1099 2679 1493 2761 eruptionem
1539 2677 1708 2742 fecit.
1802 2697 1922 2742 nec
1981 2678 2184 2761 primo
2246 2677 2506 2760 impetu,

105 2763 278 2844 quod
328 2770 714 2846 speraverat,
762 2765 1030 2846 Ligures
1076 2765 1241 2847 pulsi
1287 2770 1465 2847 sunt;
1516 2764 1675 2829 duas
1722 2765 1992 2847 amplius
2024 2764 2211 2829 horas
2243 2763 2505 2827 dubium

104 2856 432 2914 certamen
480 2851 867 2933 sustinuere3
917 2857 1251 2934 postremo,
1296 2871 1432 2914 cum
1482 2852 1609 2915 alia
1638 2857 1831 2932 atque
1862 2851 1990 2914 alia
2019 2851 2280 2933 agmina
2310 2868 2508 2914 erum·
2545 2865 2580 2911 4

103 2945 336 3020 perent
382 2943 445 3000 et
505 2937 735 3020 integri
800 2937 986 3001 fessis
1048 2936 1459 3001 succederent
1520 2936 1603 3000 ad
1660 2957 1962 3022 pugnam,
2020 2937 2278 3001 tandem
2323 2936 2508 3019 Ligu-

105 3042 227 3103 res,
278 3022 469 3102 interv
506 3029 716 3087 cetera
775 3024 967 3087 etiam
1017 3023 1251 3105 vigiliis
1313 3023 1608 3104 confecti,
1671 3031 1851 3106 terga
1896 3022 2225 3087 dederunt.
2321 3041 2510 3086 caesa

324 3216 368 3267 1.
398 3227 517 3265 eam
562 3231 641 3264 ·v1·
686 3212 843 3265 annis
869 3213 930 3265 B.
966 3213 973 3278 Ι
1005 3216 1052 3267 2.
1080 3212 1316 3265 caecidit
1340 3212 1401 3265 B.
1436 3215 1444 3279 Ι
1476 3214 1523 3266 3.
1553 3212 1610 3264 P.
1639 3211 1959 3280 Sempronio
1989 3213 2280 3280 Siyonius;
2315 3214 2353 3264 t.
2375 3224 2512 3262 sem-

107 3298 304 3366 pronio
341 3300 455 3354 cod.
492 3301 499 3365 Ι
530 3301 580 3352 4.
608 3304 664 3352 et
698 3314 764 3352 eo
799 3298 981 3352 omnia
1006 3300 1112 3366 M‘?,
1145 3301 1399 3353 Gelenius
1409 3319 1428 3365 ;
1465 3299 1513 3351 8ι
1538 3298 1722 3352 omnia
1745 3300 1837 3354 rel.
1866 3300 1979 3354 cod.
2007 3298 2105 3364 (B).
2139 3300 2147 3361 1
2180 3296 2370 3350 maiori
2394 3297 2508 3369 ΒῬΙ

107 3388 154 3438 6.
182 3384 307 3436 eius
344 3384 415 3451 M,
453 3386 567 3439 cod.
594 3402 694 3441 rec.
722 3387 878 3451 (Lov.
905 3389 956 3453 2,
987 3387 1160 3450 Voss.)
1198 3392 1246 3439 et
1283 3386 1360 3439 ed.
1388 3392 1485 3439 vet.
1515 3402 1650 3453 quas
1686 3386 1804 3439 vidi
1828 3402 2035 3450 omnes5
2071 3383 2216 3437 enim
2241 3383 2304 3451 B,
2334 3388 2369 3438 6
2396 3385 2509 3440 cod.

107 3488 206 3525 rec.
240 3474 248 3536 Ι
281 3484 398 3538 quo
434 3489 536 3526 om.
563 3471 625 3524 B.
662 3475 669 3535 Ι
699 3471 837 3524 haec
861 3471 968 3524 iam
995 3471 1064 3538 M,
1091 3473 1271 3525 Aldus
1280 3491 1299 3536 ;
1334 3469 1443 3523 iam
1480 3470 1618 3523 haec
1642 3470 1706 3538 B,
1731 3470 1868 3523 haec
1906 3471 2019 3525 cod.
2046 3487 2145 3525 rec.
2174 3477 2224 3524 et
2260 3471 2340 3524 ed.
2368 3473 2515 3524 anti-

110 3562 272 3626 quiss.
317 3568 325 3620 1
369 3561 419 3612 7.
463 3573 532 3611 m.
568 3557 729 3611 acilio
775 3558 837 3610 B.
882 3560 889 3624 Ι
933 3561 1012 3612 12.
1061 3557 1365 3610 Menturnis
1411 3557 1483 3624 B,
1529 3557 1822 3610 minturnis
1869 3559 1982 3612 cod.
2018 3574 2119 3612 rec.
2160 3563 2210 3611 et
2255 3559 2333 3611 ed.
2371 3556 2505 3624 vet}

114 3648 188 3700 13.
226 3644 494 3699 Volturni
531 3644 604 3712 B,
650 3645 898 3698 uulturni
945 3647 1061 3701 cod.
1096 3662 1195 3700 rec.
1234 3651 1284 3699 et
1320 3645 1398 3698 ed.
1435 3650 1530 3699 vet.
1565 3646 1573 3709 Ι
1605 3658 1779 3697 naues
1816 3642 2038 3696 flumine
2074 3644 2135 3697 B.
2168 3647 2174 3709 Ι
2223 3645 2304 3697 14.
2343 3642 2509 3696 sibul-

113 3732 247 3787 linos
272 3733 345 3800 M,
373 3730 648 3784 sibillinos
672 3731 733 3784 B.
770 3735 777 3798 1
813 3735 892 3787 16.
931 3731 1132 3784 cereris
1170 3731 1232 3798 B,
1271 3732 1406 3787 Lov.
1431 3733 1482 3783 2.
1517 3733 1525 3794 Ι
1563 3731 1647 3784 21.
1686 3745 1730 3783 c.
1759 3729 2046 3783 domitium
2083 3730 2144 3783 B.
2180 3729 2189 3796 Ι
2230 3732 2313 3784 23.
2354 3727 2512 3781 duxit

112 3817 168 3871 B.
200 3824 207 3884 Ι
241 3822 326 3874 30.
365 3817 479 3871 alia
515 3821 642 3885 atq,
680 3817 901 3885 agmina
942 3817 1003 3870 B.
1038 3818 1046 3884 Ι
