2925 4278
289 86 372 150 38
795 102 1017 155 LIBER
1054 101 1316 155 XXXVI.
1356 101 1523 156 CAP.
1551 105 1632 158 34.
1659 105 1741 157 35.
1781 105 1854 170 [a.
1881 103 1947 158 U.
1973 119 2019 156 c.
2046 102 2184 169 563].

224 291 254 339 5
292 277 508 358 muris,
557 283 625 340 ut
670 276 855 340 facile
902 281 1264 341 nosceretur
1308 277 1390 340 ab
1438 275 1699 357 Aetolis,
1748 276 1971 359 coepit.
2065 274 2397 339 confestim
2458 295 2498 338 a
2561 275 2683 358 pri-

289 362 408 428 mis
472 363 851 428 stationibus
912 363 1202 446 cognitus
1263 367 1378 442 est,
1439 362 1893 445 vulgatumque
1953 381 2066 444 per
2124 381 2343 426 omnes
2404 361 2680 442 ordines,

290 448 655 525 Quinctium
702 469 858 514 6886.
922 450 1137 530 itaque
1184 467 1490 518 concursu
1537 447 1704 513 facto
1750 447 2031 529 undique
2076 448 2144 512 in
2174 467 2404 527 muros,
2453 467 2682 512 manus

288 557 401 619 pro
448 556 516 601 se
562 536 828 617 quisque
874 533 1227 615 tendentes,
1277 541 1664 599 consonante
1712 536 1983 599 clamore
2028 534 2401 598 nominatim
2448 532 2680 609 Quinc-

219 638 249 683 e
289 623 445 686 tium
506 643 704 702 orare,
765 628 833 685 ut
891 641 1077 706 opem
1123 621 1313 685 ferret
1357 641 1434 685 ac
1480 627 1779 686 servaret.
1875 627 1937 685 et
1982 626 2115 684 tum
2147 619 2422 701 quidem,
2465 640 2680 702 quam·
2758 637 2796 684 5

286 716 476 790 quam
524 714 880 773 moveretur
925 707 1024 772 his
1070 706 1349 787 vocibus,
1397 727 1592 770 manu
1638 713 1850 772 tamen
1898 707 2123 772 abnuit
2168 707 2505 788 quicquam
2537 707 2680 790 opis

220 811 246 856 7
284 795 350 858 in
398 816 466 860 se
515 815 672 859 esse.
767 800 1044 858 ceterum
1090 799 1424 878 postquam
1469 793 1554 857 ad
1602 794 1923 859 consulem
1964 793 2160 872 venit,
2215 798 2461 873 „utrum
2502 792 2679 857 fefel-

283 879 394 944 lit“
443 881 731 963 inquit„
740 886 821 960 te,
869 881 970 944 M'.
1008 880 1188 959 Acili,
1237 878 1391 960 quid
1435 886 1679 963 agatur,
1740 900 1845 960 an,
1917 900 2058 944 cum
2121 879 2275 943 satis
2319 878 2678 962 pervideas

286 966 444 1030 nihil
490 966 556 1030 id
602 985 986 1050 magnopere
1032 966 1117 1029 ad
1163 986 1474 1031 summam
1505 986 1638 1031 rem
1669 932 1986 1051 pertinere
2034 985 2256 1030 censes
2274 966 2345 1028 ‘?“
2384 974 2678 1030 erexerat

218 1070 248 1115 s
288 1053 731 1137 expectatione
778 1052 1132 1135 consulem3
1184 1058 1248 1116 et
1296 1052 1487 1134 „quin
1522 1052 1879 1136 expromis“
1915 1052 2121 1133 inquit
2157 1050 2348 1136 „quid
2380 1052 2470 1116 rei
2503 1052 2674 1115 sit‘?“
2723 1068 2795 1115 10

286 1145 419 1202 tum
468 1138 819 1219 Quinctius,
873 1103 1140 1223 „ecquid
1187 1138 1369 1202 vides
1415 1145 1479 1202 te
1526 1138 1774 1202 devicto
1821 1137 2135 1204 Antiocho
2180 1138 2247 1200 in
2293 1137 2541 1202 duabus
2584 1159 2681 1201 ur-

286 1225 473 1290 bibus
520 1225 968 1310 oppugnandis
1015 1231 1264 1309 tempus
1311 1232 1532 1305 terere,
1582 1244 1723 1288 cum
1769 1225 1896 1288 iam
1942 1243 2138 1308 prope
2183 1244 2388 1288 annus
2422 1224 2681 1287 circum-

216 1330 246 1375 9
284 1317 464 1377 actus
512 1313 592 1377 sit
637 1311 885 1395 imperii
931 1311 1049 1395 tui;
1104 1311 1468 1395 Philippum
1515 1316 1747 1391 autem,
1782 1311 1888 1392 qui
1919 1331 2046 1375 non
2077 1310 2300 1390 aciem,
2333 1331 2460 1374 non
2493 1310 2682 1393 signa

281 1397 556 1463 hostium
601 1397 782 1478 vidit,
822 1419 951 1463 non
999 1397 1196 1462 solum
1244 1398 1432 1461 urbes
1480 1397 1594 1461 sed
1640 1403 1732 1462 tot
1777 1398 1904 1461 iam
1936 1403 2181 1479 gentes,
2226 1396 2678 1461 Athamaniam

281 1484 732 1548 Perrhaebiam
777 1483 1191 1566 Aperantiam
1235 1483 1591 1565 Dolopiam,
1640 1484 1760 1547 sibi
1804 1483 2197 1563 adiunxisse,
2246 1490 2310 1547 et
2369 1482 2676 1547 victoriae
2723 1500 2790 1546 15

281 1576 427 1634 tuae
472 1570 821 1653 praemium
868 1576 931 1634 te
977 1570 1336 1650 militesque
1381 1575 1521 1633 tuos
1567 1569 1848 1633 nondum
1880 1570 2042 1634 duas
2072 1570 2280 1649 urbes,
2313 1568 2677 1653 Philippum

184 1674 245 1720 10
284 1662 375 1720 tot
420 1662 646 1738 gentes
693 1656 1001 1720 Graeciae
1048 1654 1335 1720 habere?
1381 1655 1558 1736 atqui
1618 1676 1747 1720 non
1808 1661 2054 1719 tantum
2115 1655 2376 1719 interest
2437 1662 2674 1734 nostra,

282 1742 646 1807 Aetolorum
692 1762 846 1826 opes
893 1761 967 1805 ac
1013 1741 1182 1806 vires
1229 1741 1447 1821 minui,
1497 1748 1805 1822 quantum
1850 1762 1977 1806 non
2025 1762 2216 1826 supra
2247 1741 2500 1806 modum
2534 1742 2677 1805 Phi—

218 1849 239 1893 1
281 1829 523 1913 lippum
571 1828 912 1893 crescere..“
1004 1828 1271 1891 XXXV.
1320 1827 1816 1893 Adsentiebatur
1859 1828 1961 1893 his
2006 1829 2256 1911 consul;
2306 1827 2420 1892 sed
2454 1826 2674 1910 pudor,

282 1915 336 1979 si
402 1915 577 1981 irrito
642 1915 895 1999 incepto
963 1913 1336 1978 abscederet
1402 1913 1751 1993 obsidione,
1821 1914 2206 1978 occurrebat.
2314 1920 2446 1978 tota
2525 1914 2677 1978 inde
2719 1930 2790 1977 20

212 2020 241 2066 2
282 2000 576 2077 Quinctio
621 2021 723 2066 res
767 2001 1075 2084 permissa
1122 2005 1234 2065 est.
1328 2000 1382 2064 is
1429 2020 1645 2065 rursus
1691 2000 1775 2064 ad
1822 2021 1961 2064 eam
2009 2007 2253 2083 partem
2300 2000 2482 2080 muri,
2550 2021 2676 2081 qua

280 2088 469 2171 paulo
514 2093 664 2153 ante
710 2087 1040 2153 vociferati
1102 2086 1311 2152 Aetoli
1358 2086 1630 2166 fuerant,
1692 2086 1872 2151 redit.
1965 2087 2054 2151 ibi
2119 2107 2258 2152 cum
2322 2086 2674 2171 impensius

280 2180 549 2253 orarent,
612 2180 681 2238 ut
741 2174 1143 2240 misereretur
1197 2174 1408 2256 gentis
1468 2174 1851 2253 Aetolorum,
1915 2175 2090 2238 exire
2149 2174 2390 2255 aliquos
2450 2173 2535 2236 ad
2607 2194 2676 2239 se

213 2280 243 2326 3
280 2260 480 2324 iussit.
573 2260 906 2325 Phaeneas
964 2261 1104 2343 ipse
1165 2259 1610 2344 principesque
1671 2260 1777 2323 alii
1844 2260 2163 2344 extemplo
2220 2260 2459 2343 egressi
2506 2266 2671 2324 sunt.

282 2346 509 2446 quibus
556 2346 900 2429 provolutis
945 2346 1029 2409 ad
1074 2345 1353 2430 pedes„
1362 2344 1654 2410 fortuna“
1704 2346 1909 2427 inquit
1959 2354 2212 2427 „Vestia
2255 2346 2430 2424 facit,
2489 2353 2559 2409 ut
2612 2352 2675 2410 et
2717 2362 2787 2410 25

209 2452 242 2498 4
279 2432 410 2497 irae
456 2453 636 2498 meae
684 2439 746 2497 et
792 2433 1056 2497 orationi
1089 2439 1452 2515 temperem.
1549 2439 1896 2496 evenerunt
1943 2453 2107 2513 quae
2153 2398 2442 2516 praedixi
2489 2452 2676 2497 even-

281 2525 456 2602 tura3
505 2526 567 2584 et
614 2539 695 2583 ne
741 2518 862 2584 hoc
909 2518 1165 2600 quidem
1212 2518 1436 2599 reliqui
1493 2518 1675 2582 vobis
1737 2525 1851 2598 est,
1908 2524 1977 2582 ut
2028 2518 2308 2601 indignis
2361 2518 2675 2585 accidisse

282 2625 358 2669 ea
420 2604 774 2669 videantur.
869 2625 988 2687 ego
1059 2612 1270 2669 tamen
1342 2611 1509 2668 sorte
1580 2604 1854 2685 quadam
1924 2605 2300 2669 nutriendae
2368 2604 2675 2669 Graeciae

487 2797 535 2849 6.
575 2794 770 2847 abnuit
805 2795 918 2849 cod.
956 2811 1054 2848 ree.
1084 2794 1240 2859 (Lov.
1265 2795 1352 2861 2);
1387 2794 1582 2846 annuit
1619 2794 1707 2859 (B)
1742 2797 1823 2849 vel
1858 2794 2052 2848 adnuit
2089 2796 2201 2850 cod.
2223 2797 2470 2863 plerique
2506 2802 2556 2849 et
2592 2796 2672 2849 ed.

277 2888 372 2935 vet.
406 2884 414 2947 Ι
447 2881 743 2948 quicquam
783 2881 1047 2949 Siqonius
1083 2881 1207 2944 (ηερε
1245 2882 1382 2935 libro
1421 2883 1606 2947 vet.“),·
1642 2880 1902 2948 quidnam
1941 2882 2054 2937 cod.
2077 2883 2323 2949 plerique
2346 2880 2429 2948 (B,
2456 2882 2589 2936 Lov.
2616 2883 2675 2948 2)

277 2974 325 3021 et
370 2969 447 3021 ecl.
484 2974 600 3034 vet„
648 2965 908 3034 quiddam
952 2968 1097 3021 Voss.
1133 2966 1141 3033 Ι
1175 2969 1221 3020 7.
1262 2981 1384 3019 6886
1421 2967 1554 3021 Lov.
1580 2972 1632 3022 2.
1659 2972 1720 3034 3,·
1756 2973 1906 3020 esset
1949 2970 2039 3021 rel.
2067 2968 2182 3022 cod.
2210 2967 2298 3036 (B)
2334 2975 2383 3022 et
2427 2968 2506 3021 ed.
2533 2974 2630 3021 vet.
2664 2969 2670 3038 Ι

277 3052 480 3106 fefellit
528 3054 607 3120 M,
652 3052 798 3105 fallit
840 3055 933 3107 rel.
969 3054 1082 3108 cod.
1122 3052 1210 3119 (B)
1260 3060 1308 3107 et
1352 3054 1430 3107 ed.
1468 3061 1562 3108 vet.
1598 3055 1605 3121 Ι
1639 3057 1686 3109 8.
1725 3071 1793 3106 m.
1828 3053 2021 3107 acilius
2066 3054 2126 3107 B.
2161 3056 2168 3119 Ι
2200 3057 2248 3108 9.
2288 3053 2360 3106 ad
2405 3068 2675 3107 summam

276 3154 390 3192 rem
428 3140 506 3206 M,
553 3139 622 3193 ad
661 3154 927 3191 summam
974 3156 1026 3206 p.
1062 3156 1102 3193 r.
1139 3139 1202 3207 B,
1249 3138 1319 3192 ad
1366 3155 1635 3193 summam
1680 3156 1721 3193 r.
1754 3157 1805 3208 p.
1844 3142 1955 3195 cod.
1983 3158 2099 3207 rea,
2138 3139 2207 3193 ad
2254 3156 2522 3192 summam
2557 3155 2674 3194 rem

276 3224 556 3293 publicam
591 3227 968 3280 Weissenborn
1013 3227 1091 3280 ed.
1132 3227 1349 3293 Teubn.‚
1396 3228 1580 3280 Hertz.
1615 3228 1623 3292 Ι
1659 3230 1738 3282 11.
1777 3226 1824 3278 &
1862 3226 1934 3293 qd
1980 3226 2026 3278 B
2072 3234 2120 3281 et
2164 3244 2263 3281 rec.
2303 3228 2507 3292 (Voss.)
2539 3229 2547 3291 Ι
2579 3242 2674 3280 an-

276 3310 461 3364 tiocho
488 3351 661 3365 .....
688 3310 760 3363 ab
798 3310 1030 3365 urbibus
1066 3314 1128 3366 B.
1162 3314 1170 3375 Ι
1205 3316 1286 3367 15.
1322 3330 1472 3368 voces
1509 3317 1567 3365 et
1602 3312 1869 3365 victoriae
1896 3342 1960 3350 —
1987 3311 2251 3365 Graeciae
2277 3312 2497 3380 habere,
2536 3331 2676 3382 quae

276 3401 337 3451 in
375 3398 524 3452 codd.
553 3399 709 3465 infra
741 3396 781 3466 ,ξ
805 3403 876 3452 10
904 3405 1033 3466 post
1068 3400 1227 3453 verba
1262 3398 1578 3466 Philippum
1624 3412 1871 3451 crescere
1909 3400 2160 3467 lequntur
2196 3416 2433 3468 quasque
2468 3401 2674 3454 Bekke-

275 3501 370 3538 rus
404 3485 484 3537 ibi
519 3485 737 3538 uncinis
774 3486 1085 3553 incluserat,
1131 3492 1265 3540 recte
1308 3488 1411 3540 huc
1455 3486 1740 3539 transtulit
1776 3485 2098 3553 Madviqius
2145 3486 2267 3539 Em.
2305 3486 2373 3539 L.
2402 3503 2461 3554 p.
2499 3489 2616 3541 525.
2664 3487 2670 3555 Ι

279 3573 359 3625 16.
398 3569 536 3622 duas
582 3570 653 3632 M,
711 3571 986 3640 Gelenius,
1028 3573 1106 3626 ed.
1147 3573 1322 3626 Basil.
1357 3575 1524 3638 1535;
1567 3575 1651 3623 tot
1692 3574 1785 3625 rel.
1830 3572 1946 3626 cod.
1980 3570 2071 3639 (B)
2117 3578 2165 3625 et
2208 3573 2284 3625 ed.
2332 3573 2615 3640 antiquiss.
2663 3574 2668 3641 Ι

276 3655 586 3722 Philippum
631 3661 716 3710 tot
760 3658 894 3727 ΜΒ,
941 3660 1055 3713 cod.
1091 3676 1219 3725 ree.;
1264 3663 1399 3724 quot
1435 3657 1747 3724 Philippum
1784 3659 1863 3711 ed.
1891 3659 2176 3726 antiquiss.
2212 3659 2219 3724 Ι
2252 3660 2335 3712 22.
2373 3656 2518 3710 redit
2553 3660 2669 3714 cod.

273 3742 357 3809 (B,
395 3743 529 3797 Lov.
555 3747 606 3808 2,
641 3744 811 3809 Voss.)
851 3752 900 3798 et
935 3745 1014 3798 ed.
1042 3746 1357 3813 antiquiss.‚·
1392 3744 1558 3797 rediit
1593 3745 1791 3799 Aldus.
1825 3744 1834 3811 Ι
