2925 4278
627 147 853 202 mann
891 147 1220 203 xxxvm.
1259 148 1645 206 cAP.1s.19.
1687 151 1758 219 [a.
1786 149 1852 205 u.
1878 166 1922 206 ο.
1952 152 2096 220 565J.
2428 134 2547 198 141

151 321 346 387 venit.
439 320 508 386 id
552 320 725 387 haud
779 343 1082 405 magnum
1144 322 1400 405 quidem
1462 322 1765 408 oppidum
1827 332 1942 406 est,
2006 323 2121 391 sed
2166 325 2309 410 plus
2357 346 2547 409 quam

149 406 687 474 mediterraneum
750 409 997 474 celebre
1062 416 1125 475 et
1184 409 1486 493 frequens
1534 412 1899 495 emporium.
1992 412 2113 476 tria
2158 412 2359 477 maria
2403 412 2543 497 pari
2584 426 2646 474 12

148 494 351 560 ferme
398 492 704 560 distantia
748 495 1083 560 intervallo
1129 496 1341 578 habet,
1404 497 1494 560 ad
1539 498 2037 583 Hellespontum,
2099 498 2183 563 ad
2245 499 2545 584 Sinopen,

147 588 210 647 et
254 581 520 647 alterius
565 602 711 647 orae
755 582 957 665 litora,
994 602 1117 665 qua
1150 584 1377 650 Cilices
1416 585 1713 650 maritimi
1762 585 2005 671 colunt3
2054 586 2390 650 multarum
2422 607 2546 650 ma-

85 690 112 737 5
143 688 548 752 gnarumque
600 675 930 753 praeterea
987 670 1273 753 gentium
1320 671 1480 736 fines
1527 672 1865 755 contingit,
1925 692 2189 755 quarum
2252 693 2547 737 commer-

145 754 314 820 cium
378 754 444 818 in
506 774 649 820 eum
710 756 989 821 maxime
1055 757 1261 821 locum
1325 757 1525 822 mutui
1589 778 1740 823 usus
1801 765 2193 823 contraxere.
2283 758 2351 823 id
2411 765 2544 823 tum
2588 772 2650 819 13

145 840 470 907 desertum
532 841 688 926 fuga
731 842 1072 907 incolarum
1122 842 1444 927 oppidum,
1507 844 1809 909 refertum
1868 844 2039 909 idem
2101 844 2284 929 copia
2336 865 2545 910 rerum

144 928 430 993 omnium
478 928 875 994 invenerunt.
968 929 1056 994 ibi
1104 930 1337 994 stativa
1381 929 1768 995 habentibus
1801 931 1993 1014 legati
2025 932 2105 997 ab
2140 932 2544 1015 Eposognato
2586 945 2650 993 14

143 1021 480 1096 venerunt,
528 1016 895 1081 nuntiantes
939 1016 1491 1099 profectum‘eum
1553 1016 1637 1080 ad
1698 1018 1946 1101 regulos
2009 1018 2329 1083 Gallorum
2390 1017 2545 1082 nihil

54 1123 108 1170 10
142 1101 334 1183 aequi
381 1100 793 1185 impetrasse;
843 1122 925 1166 ex
973 1102 1434 1185 campestribus
1480 1102 1647 1168 vicis.
1684 1104 1980 1186 agrisque
2028 1105 2395 1186 frequentes
2441 1103 2541 1169 de·
2584 1117 2647 1165 15

142 1187 420 1271 migrare
468 1193 531 1252 et
576 1208 718 1252 cum
781 1187 1155 1271 coniugibus
1214 1208 1291 1252 ac
1351 1188 1585 1269 liberis,
1653 1210 1814 1271 quae
1876 1191 2042 1255 ferre
2101 1197 2292 1272 atque
2352 1210 2543 1273 agere

143 1273 411 1358 possint,
459 1294 609 1358 prae
655 1294 725 1339 se
770 1280 1035 1358 agentes
1081 1280 1530 1358 portantesque
1576 1276 1917 1360 Olympum
1965 1282 2243 1341 montem
2306 1284 2540 1360 petere,

143 1366 212 1424 ut
258 1358 411 1424 inde
456 1360 648 1426 armis
693 1360 1095 1443 locorumque
1142 1361 1265 1427 situ
1298 1382 1437 1427 sese
1468 1368 1779 1427 tueantur.
1828 1364 2004 1427 XIX.
2056 1363 2340 1429 Certiora
2379 1368 2543 1447 post·
2622 1379 2642 1424 1

144 1466 222 1512 ea
291 1444 800 1513 Oroandensium
869 1449 1062 1532 legati
1130 1448 1494 1530 attulerunt,
1562 1448 2150 1532 Tolostobogiorum
2220 1448 2541 1514 civitatem

57 1555 107 1601 15
145 1530 490 1616 Olympum
537 1540 817 1598 montem
864 1535 1144 1618 cepisse3
1208 1533 1492 1601 diversos
1550 1536 1935 1617 Tectosagos
1981 1536 2169 1600 alium
2242 1541 2542 1615 montem,

143 1619 423 1702 Magaba
468 1619 576 1701 qui
622 1617 887 1701 dicatur,
936 1620 1202 1705 petisse3
1251 1623 1554 1687 Trocmos
1601 1621 1975 1705 coniugibus
2020 1642 2096 1686 ac
2124 1622 2341 1688 liberis
2370 1620 2543 1707 apud
2617 1640 2646 1685 2

141 1707 531 1790 Tectosagos
587 1704 892 1790 depositis
952 1714 1334 1773 armatorum
1396 1708 1654 1791 agmine
1714 1708 2177 1793 Tolostobogiis
2247 1709 2542 1775 statuisse

140 1791 452 1856 auxilium
500 1793 681 1857 ferre.
762 1799 942 1858 erant
985 1800 1196 1858 autem
1230 1801 1382 1859 tunc
1415 1795 1601 1859 trium
1635 1797 2006 1880 populorum
2049 1796 2248 1879 reguli
2283 1795 2544 1879 Ortiago

142 1885 206 1943 et
254 1879 770 1945 Combolomarus
815 1886 877 1945 et
924 1879 1246 1947 Gaulotus.
1340 1881 1419 1947 iis
1479 1880 1639 1946 haec
1686 1882 1963 1947 maxime
2025 1883 2184 1948 ratio
2247 1882 2395 1948 belli
2444 1902 2539 1947 su·
2610 1898 2643 1945 3

49 1988 106 2036 20
142 1964 357 2030 mendi
404 1964 630 2047 fuerat,
691 1964 857 2049 quod
905 1987 1046 2031 cum
1108 1974 1355 2033 montes
1410 1967 1793 2034 editissimos
1840 1968 2117 2052 regionis
2179 1968 2315 2034 eius
2376 1975 2542 2033 tene-

140 2058 300 2134 rent,
351 2052 671 2117 convectis
717 2052 1029 2135 omnibus,
1078 2074 1241 2136 quae
1294 2053 1378 2118 ad
1437 2074 1620 2119 usum
1669 2056 1959 2136 quamvis
2005 2054 2177 2139 longi
2242 2054 2541 2138 temporis

139 2138 524 2221 sufficerent,
573 2138 783 2205 taedio
831 2161 900 2205 se
945 2141 1325 2224 fatigaturos
1379 2138 1625 2206 hostem
1691 2142 2072 2207 censebant:
2136 2162 2284 2206 nam
2332 2161 2540 2224 neque
2612 2139 2647 2187 4

137 2245 402 2291 ausuros
446 2246 561 2310 per
606 2233 735 2291 tam
781 2225 980 2292 ardua
1024 2234 1215 2309 atque
1260 2227 1482 2309 iniqua
1525 2227 1665 2291 loca
1711 2228 1923 2293 subire
1970 2248 2099 2310 eos,
2133 2235 2213 2309 et,
2263 2229 2312 2293 si
2358 2248 2540 2293 cona·

136 2319 372 2397 rentur,
422 2312 525 2377 vel
571 2334 772 2397 parva
815 2334 1007 2379 manu
1055 2312 1372 2398 prohiberi
1419 2320 1531 2377 aut
1576 2313 1901 2379 deturbari
1948 2334 2157 2398 posse,
2207 2334 2326 2379 nec
2372 2314 2538 2396 quie-

49 2421 103 2468 25
135 2405 235 2464 tos
278 2399 348 2463 in
394 2397 713 2465 radicibus
758 2400 1065 2467 montium
1111 2398 1465 2483 gelidorum
1513 2398 1808 2465 sedentes
1854 2400 2057 2484 frigus
2102 2407 2211 2465 aut
2257 2400 2539 2485 inopiam

132 2679 317 2732 Pera-is.
345 2679 487 2731 1513
533 2683 581 2731 et
616 2693 750 2745 seq.;
785 2674 1030 2730 cordium
1076 2676 1192 2730 cod.
1220 2675 1305 2745 (B)
1344 2682 1394 2732 et
1427 2679 1507 2733 ed.
1533 2679 1822 2747 antiquiss.
1857 2680 1864 2744 Ι
1898 2680 1945 2733 3.
1985 2676 2059 2731 ad
2095 2676 2536 2744 Hellespontum,

132 2762 204 2817 ad
243 2762 489 2831 Sinopen
535 2763 615 2816 ed.
651 2769 746 2817 vet.
783 2769 910 2816 ante
953 2763 1129 2816 Basil.
1161 2767 1328 2831 1535;
1372 2762 1781 2833 hellespontum
1827 2764 1900 2818 ad
1945 2764 2173 2831 sinopen
2222 2765 2336 2820 cod.
2366 2761 2451 2830 (B)
2489 2769 2539 2816 et

132 2850 213 2904 ed.
247 2850 447 2916 Basil„
495 2847 939 2917 Hellespontum,
987 2852 1218 2916 pontum
1267 2849 1337 2903 ad
1385 2849 1624 2919 Sinopen
1671 2853 1811 2906 coni.
1846 2852 2280 2919 Freinshemius,
2326 2848 2535 2902 Helles-

130 2936 402 3003 pontium,
449 2935 519 2988 ad
559 2933 796 3003 Sinopen
835 2938 882 2990 1.
909 2937 1246 2992 Perizonius·
1281 2939 1287 3006 Ι
1320 2940 1368 2992 4.
1407 2936 1569 2992 litore
1606 2938 1664 2992 B.
1700 2940 1708 3005 Ι
1741 2943 1786 2994 5.
1834 2938 1958 2992 finis
2004 2953 2234 3007 quarum
2281 2949 2536 2988 commer-

129 3022 275 3076 cium
311 3022 374 3075 B.
412 3025 418 3092 Ι
455 3026 537 3078 10.
576 3037 642 3075 cx
692 3042 792 3079 om.
832 3023 892 3076 B.
927 3025 936 3090 1
968 3021 1275 3091 demigrare
1322 3023 1394 3092 M,
1431 3026 1639 3089 Alutus,-
1683 3024 1920 3093 migrare
1965 3027 2058 3080 rel.
2095 3025 2210 3080 cod.
2236 3024 2323 3091 (B)
2359 3029 2406 3077 et
2453 3022 2530 3076 ed.

119 3111 300 3179 prior.
334 3111 343 3176 Ι
381 3111 460 3165 11.
510 3125 634 3163 cum
679 3128 781 3165 om.
819 3109 879 3164 Β.
914 3112 921 3176 Ι
958 3113 1037 3166 12.
1084 3109 1298 3177 possint
1344 3110 1416 3180 M,
1454 3112 1872 3175 Drakenborch5
1913 3114 2144 3180 possent
2185 3112 2277 3164 rel.
2305 3110 2420 3165 cod.
2446 3107 2533 3175 (B)

127 3203 176 3252 et
221 3197 302 3252 ed.
338 3202 435 3252 vet.
470 3195 727 3266 lugentis
773 3196 1109 3265 portantisq3
1154 3197 1214 3250 B.
1250 3200 1258 3264 Ι
1303 3200 1381 3253 15.
1429 3197 1713 3267 olympum
1763 3197 1975 3266 cepisse
2021 3198 2123 3263 Β.Ι
2168 3199 2246 3252 16.
2293 3192 2535 3262 Magaba

128 3284 542 3339 Freinshemius
588 3285 650 3338 cl.
686 3284 848 3340 Flor.
886 3286 934 3350 1,
967 3288 1038 3339 27
1087 3285 1192 3350 (ΙΙ,
1229 3285 1345 3350 11),·
1391 3299 1574 3352 agaua
1619 3283 1683 3352 B,
1720 3299 1958 3351 magaua
2002 3285 2082 3337 vel
2127 3297 2366 3350 magana
2409 3283 2528 3336 sim.

129 3371 243 3427 cod.
270 3388 374 3427 rec.
410 3372 416 3439 Ι
450 3375 697 3439 trogmos
732 3370 793 3423 B.
827 3372 835 3438 Ι
871 3373 950 3425 17.
990 3365 1136 3437 agiis
1164 3370 1225 3424 B.
1260 3372 1268 3435 Ι
1304 3373 1383 3426 18.
1423 3375 1556 3424 tunc
1604 3369 1675 3437 M,
1712 3371 1918 3431 Aldus,-
1962 3372 2080 3422 tum
2130 3369 2244 3424 cod.
2271 3385 2390 3435 rec„
2428 3385 2531 3423 om.

127 3457 174 3512 B
209 3465 258 3514 et
295 3459 371 3513 al.
405 3474 506 3514 rec.
540 3459 548 3524 Ι
579 3455 843 3525 Ortiagon
894 3458 1156 3526 Siyonius
1201 3459 1389 3524 (Harl.
1406 3460 1472 3524 Β).
1509 3458 1515 3525 Ι
1552 3459 1632 3512 19.
1679 3454 2100 3510 conbolomarus
2146 3455 2207 3523 B,
2245 3453 2531 3508 Comboio-

127 3559 315 3598 marus
344 3544 562 3600 Glueck.
595 3543 603 3611 Ι
636 3543 910 3598 Gaulotus
947 3543 1016 3612 M,
1055 3545 1233 3599 Aldus
1243 3565 1261 3612 ;
1296 3543 1582 3612 gaudotus
1621 3545 1733 3600 cod.
1772 3561 1872 3599 rec.
1899 3548 1948 3597 et
1983 3544 2064 3598 ed.
2090 3544 2286 3612 prior„
2323 3541 2529 3609 gauda-

1598 3613 1795 3647 ntuderent.
2213 3611 2273 3645 exi

127 3660 224 3763 tusr
247 3657 330 3761 mB.
373 3659 381 3724 Ι
421 3659 505 3712 21.
553 3613 807 3709 offiffihs
852 3655 913 3710 B.
956 3657 964 3725 Ι
1004 3658 1087 3711 23.
1134 3623 1323 3724 ἰιῗίἨῖιει
1376 3656 1436 3710 B.
1481 3657 1488 3721 Ι
1531 3661 1863 3709 conarentur
1915 3656 1975 3709 Β.
2012 3658 2024 3722 Ι
2066 3657 2148 3710 24.
2197 3621 2369 3724 paffiz
2414 3654 2474 3708 B.
2519 3652 2525 3722 Ι

204 3769 279 3804 αιοι

116 3810 342 3882 (Ρὴίϋθτί
379 3811 440 3865 Β.
473 3813 482 3877 Ι
