2925 4278
101 1128 168 1175 10

104 1560 168 1607 15

102 1993 171 2040 20

662 157 890 212 LIBER
927 156 1254 212 xxxvm.
1292 156 1458 211 GAP.
1487 159 1571 213 54.
1597 160 1679 244 55.
1720 157 1792 225 [a.
1819 156 1883 212 U.
1911 174 1955 212 ο.
1983 158 2125 227 56η.
2286 200 2297 209 .
2355 111 2364 122 ’
2457 139 2592 204 181

200 334 605 421 gnitudinem
661 334 796 399 eius
852 334 1071 399 solitus
1127 339 1277 398 erat.
1371 332 1491 398 hoc
1550 339 1803 398 auctore
1864 331 2305 398 existimantur
2364 334 2595 400 Petillii

204 430 270 488 et
314 423 460 487 vivo
505 421 808 485 Africano
839 441 973 485 rem
1005 420 1272 503 ingressi
1319 426 1382 484 et
1412 427 1656 484 mortuo
1702 419 2094 504 rogationem
2139 421 2590 503 promulgasse.

203 509 327 574 fuit
370 514 583 573 autem
628 507 870 592 rogatio
916 507 1061 571 talis
1110 506 1357 591 „velitis
1401 506 1695 587 iubeatiS,
1753 505 2049 587 Quirites,
2106 527 2269 588 quae
2322 508 2596 591 pecunia

205 602 396 681 capta
453 594 668 660 ablata
723 601 941 659 coacta
998 594 1080 659 ab
1136 614 1286 677 rege
1345 592 1660 658 Antiocho
1721 600 1816 657 est
1871 592 2102 675 quique
2157 594 2272 658 sub
2332 594 2595 678 imperio

207 684 345 749 eius
390 682 660 760 fuerunt,
708 680 876 763 quod
921 679 1056 745 eius
1100 680 1167 743 in
1213 679 1535 765 publicum
1581 680 1849 744 relatum
1894 699 2023 743 non
2070 687 2184 760 est,
2237 680 2330 745 uti
2384 679 2464 745 de
2519 701 2597 746 ea

204 790 273 835 re
319 770 452 836 Ser.
487 768 802 852 Sulpicius
846 774 1097 851 praetor
1132 767 1414 832 urbanus
1456 765 1542 830 ad
1588 774 1875 832 senatum
1921 766 2171 847 referat,
2220 787 2406 849 quem
2454 788 2594 833 eam

204 877 341 922 rem
398 856 553 920 velit
611 861 870 920 senatus
931 874 1232 935 quaerere
1292 852 1372 919 de
1431 853 1530 933 iis,
1600 853 1706 935 qui
1774 860 2094 937 praetores
2154 874 2323 918 nunc
2384 856 2591 920 sunt.“

203 942 355 1007 huic
406 941 721 1025 rogationi
771 941 974 1026 primo
1030 940 1104 1017 Q.
1162 947 1226 1006 et
1258 941 1346 1004 ‘L.
1403 940 1690 1005 Mummii
1744 939 2247 1024 intercedebant3
2305 948 2595 1006 senatum

207 1048 507 1111 quaerere
553 1027 634 1093 de
679 1028 950 1112 pecunia
994 1048 1122 1092 non
1168 1027 1367 1091 relata
1410 1027 1477 1091 in
1509 1027 1851 1111 publicum,
1898 1027 1990 1090 ita
2018 1034 2086 1091 ut
2116 1035 2307 1091 antea
2347 1048 2597 1112 semper

206 1115 449 1180 factum
495 1121 681 1194 esset,
727 1134 1001 1196 acquum
1048 1114 1413 1178 censebant.
1506 1114 1737 1178 Petillii
1781 1113 2175 1178 nobilitatem
2223 1122 2284 1179 et
2328 1135 2594 1198 regnum

205 1202 273 1266 in
320 1207 547 1267 senatu
592 1201 957 1285 Scipionum
1004 1201 1410 1265 accusabant.
1488 1201 1559 1264 L.
1599 1200 1828 1265 Furius
1872 1200 2179 1284 Purpurio
2227 1202 2593 1283 consularis,

206 1288 314 1371 qui
360 1289 427 1352 in
474 1287 694 1352 decem
746 1287 973 1371 legatis
1026 1287 1093 1351 in
1137 1287 1295 1351 Asia
1346 1286 1572 1367 fuerat,
1627 1288 1814 1352 latius
1865 1286 2220 1370 rogandum
2273 1289 2595 1369 censebat,

203 1396 336 1441 non
380 1395 544 1456 quae
596 1375 678 1438 ab
733 1373 1046 1439 Antiocho
1100 1372 1288 1439 modo
1340 1374 1651 1458 pecuniae
1706 1380 1931 1457 captae
1985 1374 2210 1455 forent,
2264 1374 2377 1440 sed
2432 1394 2595 1457 quae

205 1463 287 1526 ab
340 1461 483 1526 aliis
532 1461 790 1545 regibus
841 1461 1288 1544 gentibusque,
1352 1460 1465 1525 Cn.
1513 1461 1821 1526 Manlium
1873 1460 2198 1525 inimicum
2250 1462 2592 1527 incessens.

208 1554 273 1612 et
317 1548 387 1611 L.
424 1547 654 1630 Scipio,
703 1567 890 1629 quem
934 1548 1139 1631 magis
1183 1567 1295 1631 pro
1342 1566 1410 1611 se
1441 1567 1632 1629 quam
1677 1546 1985 1613 adversus
2030 1547 2235 1631 legem
2282 1547 2595 1613 dicturum

206 1634 577 1718 apparebat,
625 1633 944 1699 dissuasor
985 1633 1308 1718 processit.
1400 1633 1456 1699 is
1501 1641 1698 1707 morte
1742 1634 1812 1697 P.
1861 1632 2146 1698 Africani
2192 1635 2423 1716 fratris,
2475 1635 2597 1700 viri

208 1720 488 1785 omnium
550 1719 871 1785 fortissimi
938 1720 1410 1803 clarissimique,
1482 1741 1623 1786 eam
1693 1728 1979 1785 exortam
2046 1722 2440 1805 rogationem
2502 1727 2598 1787 est

210 1812 621 1890 conquestus;
668 1827 891 1891 parum
937 1808 1103 1871 enim
1151 1806 1348 1873 fuisse
1393 1828 1522 1873 non
1567 1807 1813 1872 laudari
1867 1828 1980 1891 pro
2025 1808 2267 1874 Rostris
2319 1809 2387 1872 P.
2436 1808 2596 1873 Afri-

2670 1356 2698 1433 τ’

2668 1561 2698 1607 8

2672 1823 2702 1867 9

209 1914 438 1959 canum
492 1900 634 1977 post
680 1901 960 1975 mortem,
1014 1894 1137 1959 nisi
1192 1895 1382 1959 etiam
1436 1900 1867 1979 accusaretur3
1923 1900 1988 1959 et
2035 1894 2599 1979 Carthaginienses
2640 1911 2703 1955 10

209 1979 402 2046 exilio
456 1980 833 2045 Hannibalis
886 1988 1217 2047 contentos
1271 2001 1439 2046 esse:
1503 1982 1805 2066 populum
1858 1983 2212 2046 Romanum
2267 2002 2348 2046 ne
2400 1988 2600 2046 morte

206 2065 464 2151 quidem
511 2067 577 2131 P.
629 2067 941 2152 Scipionis
987 2069 1305 2149 exsatiari,
1353 2067 1478 2133 nisi
1524 2074 1587 2133 et
1631 2068 1831 2153 ipsius
1877 2068 2050 2133 fama
2095 2069 2327 2153 sepulti
2371 2069 2600 2134 lacere-

206 2163 309 2220 tur
354 2161 418 2221 et
447 2154 643 2219 frater
687 2155 965 2237 insuper,
1012 2156 1293 2219 accessio
1337 2155 1640 2237 invidiae,
1688 2162 2014 2220 mactetur.
2079 2156 2162 2220 M.
2199 2157 2355 2222 Cato
2402 2156 2601 2222 suasit
2641 2172 2700 2218 11

207 2243 599 2326 rogationem
629 2279 715 2287 -—
746 2247 957 2305 exstat
1001 2242 1199 2307 oratio
1246 2241 1383 2306 eius
1428 2241 1509 2305 de
1555 2242 1826 2326 pecunia
1878 2243 2047 2325 regis
2092 2242 2388 2307 Antiochi
2419 2281 2505 2289 —
2536 2250 2602 2308 et

209 2329 544 2394 Mummios
593 2327 878 2392 tribunos
930 2328 1303 2391 auctoritate
1356 2326 1679 2408 deterruit,
1742 2347 1823 2391 ne
1874 2329 2364 2394 adversarentur
2422 2350 2601 2412 roga-

106 2437 173 2486 25
208 2416 384 2482 tioni.
461 2413 929 2481 remittentibus
975 2434 1124 2497 ergo
1155 2413 1255 2478 his
1297 2414 1812 2480 intercessionem
1859 2435 2080 2481 omnes
2125 2416 2324 2480 tribus
2370 2417 2463 2481 uti
2505 2437 2597 2481 ro-
2641 2400 2703 2481 12

208 2522 442 2586 gassen
489 2502 849 2566 tiusserunt.
942 2501 1070 2565 LV.
1107 2499 1237 2564 Ser.
1286 2500 1566 2585 Sulpicio
1614 2499 1846 2566 deinde
1890 2501 2225 2584 referente,
2274 2523 2460 2584 quem
2506 2524 2599 2568 ro-

207 2590 467 2673 gatione
511 2587 761 2652 Petillia
807 2607 1107 2669 quaerere
1152 2588 1407 2668 vellent,
1457 2585 1531 2663 Q.
1565 2588 1930 2653 Terentium
1979 2589 2343 2655 Culleonem
2388 2596 2617 2675 patres·

208 2678 545 2742 iusserunt.
629 2673 714 2739 ad
757 2673 927 2739 hunc
973 2680 1346 2758 praetorem,
1393 2673 1554 2740 adeo
1601 2675 1874 2739 amicum
1919 2675 2251 2741 Corneliae
2296 2676 2598 2758 familiae,

209 2865 468 2919 allatrare
492 2867 573 2920 ed.
594 2871 688 2920 vet.
711 2883 844 2934 quas
867 2866 984 2919 vidi
1016 2882 1213 2932 οτηηεε,
1240 2868 1307 2933 cf.
1336 2866 1519 2936 Quint.
1544 2867 1706 2932 VIII,
1732 2870 1782 2934 6,
1808 2870 1869 2932 9,·
1911 2881 1977 2919 ac
2011 2865 2254 2919 lacerare
2279 2871 2315 2921 3
2338 2868 2453 2922 cod.
2480 2884 2600 2935 rec„

211 2953 452 3007 lacerare
486 2954 601 3009 cod.
621 2969 722 3008 rec.
737 2954 997 3021 plerique.
1031 2955 1037 3016 Ι
1069 2955 1118 3006 2.
1147 2967 1263 3006 rem
1288 2951 1521 3020 ingressi
1548 2952 1617 3018 M,
1644 2954 1824 3008 Aldus
1835 2973 1854 3020 ;
1887 2968 1999 3006 rem
2035 2953 2225 3006 iniisse
2248 2955 2382 3009 Lov.
2408 2958 2459 3021 2,
2486 2969 2600 3006 rem

212 3039 429 3106 ingrato
462 3041 576 3096 eod.
596 3057 696 3094 ree.
712 3041 971 3108 plerique.
1005 3043 1013 3104 1
1045 3041 1093 3095 8.
1120 3038 1357 3103 Quirites
1383 3041 1724 3106 Brissonius,
1759 3038 1996 3107 Crevier;
2038 3043 2336 3108 quaeratur
2360 3041 2475 3096 cod.
2500 3057 2600 3096 rec.

215 3133 263 3180 et
298 3127 378 3179 ed.
402 3133 497 3181 vet.
530 3129 538 3191 Ι
570 3129 619 3182 8.
656 3124 899 3179 Mummii
939 3126 1236 3196 Siqonius;
1279 3126 1519 3179 Nummii
1557 3127 1670 3182 cod.
1695 3144 1796 3181 rec.
1831 3133 1880 3180 et
1924 3127 2001 3180 ed.
2036 3133 2131 3182 vet.
2165 3133 2172 3190 Ι
2216 3129 2296 3181 11.
2343 3125 2602 3194 scipionis

214 3213 346 3268 Lov.
376 3218 426 3267 2.
453 3211 460 3282 Ι
485 3215 564 3268 16.
584 3219 758 3266 morte
786 3214 1043 3280 eod.rec.,·
1073 3217 1202 3280 post
1234 3216 1465 3266 mortem
1499 3214 1577 3267 ed.
1600 3220 1693 3268 vet.
1721 3211 1727 3282 Ι
1755 3216 1834 3268 17.
1857 3227 1977 3265 eam
2001 3214 2297 3269 om.Lov.2
2321 3220 2369 3266 et
2394 3215 2558 3268 Harl.
2590 3211 2598 3283 Ι

215 3302 297 3355 21.
340 3304 396 3352 et
437 3298 613 3367 ipsius
658 3300 730 3365 M,
768 3301 976 3367 Aldu-35
1022 3299 1195 3367 ipsius
1241 3301 1355 3356 cod.
1381 3318 1482 3355 rec.
1503 3307 1553 3354 et
1585 3302 1663 3355 ed.
1683 3302 1860 3369 prior.
1893 3303 1903 3367 Ι
1934 3302 2018 3354 22.
2056 3299 2301 3353 accessio
2341 3302 2627 3370 „antiquar

212 3386 516 3455 scriptun-M
551 3387 728 3441 Gelan.
757 3385 830 3452 (M
843 3388 908 3454 ἲ),
944 3389 1192 3442 nonnull.
1214 3388 1327 3442 cod.
1347 3404 1478 3455 ree.‚·
1513 3387 1830 3440 accessione
1856 3388 1971 3442 cod.
1991 3404 2092 3442 rec.
2103 3389 2350 3456 plerique
2374 3388 2528 3454 (Lov.
2547 3391 2603 3454 2,

220 3473 395 3539 Voss.)
430 3479 479 3527 et
523 3474 601 3527 ed.
628 3480 752 3527 aute
787 3475 967 3528 Basil.
993 3477 1147 3527 1535.
1180 3476 1188 3539 Ι
1219 3476 1302 3528 23.
1350 3476 1536 3526 exstat
1580 3475 1659 3528 ed.
1685 3474 1864 3528 Basil.
1890 3477 2057 3541 1535;
2102 3476 2286 3526 exstat
2322 3478 2380 3526 et
2411 3479 2449 3530 2
2484 3474 2599 3530 cod.

210 3578 311 3615 rec.
347 3565 396 3614 et
440 3561 520 3614 ed.
546 3561 742 3629 prior„
789 3574 914 3613 esse
960 3564 1018 3613 et
1062 3562 1175 3616 cod.
1212 3577 1311 3616 rec.
1342 3562 1590 3629 plerique
1636 3562 1792 3627 (Lov.
1824 3565 1877 3627 2,
1913 3561 2100 3627 Voss).
2134 3562 2144 3626 Ι
2184 3562 2267 3615 25.
2310 3564 2604 3628 rogassent

210 3648 457 3702 nonnull.
485 3647 599 3702 eod.
627 3663 725 3701 rec.
753 3652 803 3700 et
839 3648 917 3701 ed.
954 3648 1236 3715 antiquiss.
1246 3669 1265 3711 ,·
1297 3650 1556 3713 rogasset
1581 3648 1694 3702 cod.
1721 3665 1821 3702 rec.
1843 3648 2103 3716 plerique,
2131 3647 2209 3700 ed.
2240 3648 2417 3702 Basil.
2446 3650 2601 3716 1535,

211 3746 376 3800 rogas
403 3733 681 3802 Siyouius.
717 3732 725 3798 Ι
756 3735 838 3787 27.
865 3732 1084 3785 Petillia
1114 3733 1310 3798 Geleu„
1336 3734 1418 3787 ed.
1443 3735 1621 3787 Basil.
1647 3737 1785 3787 1535
1792 3754 1810 3801 ;
1843 3732 2020 3801 petilii
2045 3737 2078 3787 5
2101 3733 2216 3789 eod.
2242 3751 2341 3789 rec.
2368 3735 2524 3801 (Lov.
2549 3737 2601 3800 2,

221 3820 408 3888 Voss),
443 3818 797 3888 pecuniarum
832 3821 925 3874 rel.
952 3820 1067 3876 cod.
1091 3837 1190 3874 rec.
1218 3826 1266 3873 et
1290 3820 1369 3874 ed.
1389 3820 1633 3888 princip.
1667 3822 1674 3888 Ι

2674 2524 2700 2569 1

2674 2702 2703 2748 2
