2925 4278
709 160 935 214 LIBER
972 160 1299 217 xxxvm.
1338 160 1505 214 CAP.
1533 164 1614 216 52.
1642 162 1724 216 53.
1765 160 1832 228 [a.
1858 161 1923 216 U.
1951 177 1995 216 o.
2022 162 2166 231 567].
2505 141 2626 205 179

238 356 281 400 a
325 336 593 400 tribunis
639 334 845 419 plebis
889 334 1172 400 fecisset.
1205 372 1291 381 —-
1325 333 1615 421 „habetis
1663 355 1810 417 ergo
1856 335 2226 399 temeritatis
2269 334 2434 398 illius
2473 354 2628 399 mer-

242 421 490 523 cedem3
554 441 676 504 quo
730 420 893 486 duce
949 428 1011 486 et
1063 386 1355 486 auctore,⁷
1382 441 1498 486 nos
1556 421 1916 505 reliquistis,
1976 423 2057 486 ab
2120 442 2194 486 eo
2254 421 2376 505 ipsi
2429 421 2628 485 relicti

241 509 420 594 estis3
476 514 539 572 et
583 514 828 572 tantum
873 509 1225 573 animorum
1270 508 1337 572 in
1384 506 1522 573 dies
1566 508 1750 572 nobis
1796 506 2124 589 decrescit,
2175 515 2263 589 ut,
2311 506 2395 571 ad
2441 527 2626 589 quem

238 601 389 660 ante
434 614 636 660 annos
682 593 1151 677 septemdecim,
1212 595 1559 659 exercitum
1605 601 1668 660 et
1715 595 1979 659 classem
2025 593 2402 695 habentem,
2441 594 2628 660 tribu-

168 698 200 743 5
240 702 359 747 nos
403 681 692 766 plebisa
651 680 1051 763 aedilemque
1095 682 1342 746 mittere
1387 682 1455 745 in
1503 681 1782 746 Siciliam
1827 681 1967 746 ausi
2012 701 2249 762 sumus,
2300 681 2407 764 qui
2450 702 2629 765 pren-

239 768 462 833 derent
525 788 668 833 eum
730 774 794 832 et
842 769 1108 832 Romam
1169 767 1564 849 reducerent,
1624 769 1705 833 ad
1769 788 1912 832 eum
1967 769 2282 852 privatum
2340 788 2427 832 ex
2477 768 2630 891 villa

238 876 355 921 sua
393 854 856 920 extrahendum
888 855 972 919 ad
1004 875 1260 920 causam
1294 853 1630 919 dicendam
1663 855 1908 919 mittere
1939 875 2067 920 non
2098 852 2484 919 audeamus“
2507 893 2593 901 —

236 942 473 1007 tribuni
519 941 723 1026 plebis
767 942 1067 1026 appellati
1114 944 1195 1007 ab
1243 943 1315 1007 L.
1364 942 1659 1042 Scipione
1703 943 1791 1004 ita
1837 941 2280 1006 decreverunt:
2329 942 2382 1007 si
2426 879 2627 1006 morbi

239 1049 434 1094 causa
478 1035 904 1110 excusaretur,
961 1028 1082 1093 sibi
1135 1029 1384 1112 placere
1435 1028 1642 1112 accipi
1695 1049 1835 1092 eam
1889 1048 2146 1093 causam
2199 1027 2493 1110 diemque
2545 1028 2626 1092 ab

135 1131 201 1179 10
242 1115 500 1198 collegis
565 1115 825 1200 prodici.
925 1116 1213 1180 tribunus
1282 1115 1488 1199 plebis
1565 1135 1638 1179 eo
1707 1121 1989 1198 tempore
2055 1116 2150 1179 Ti.
2221 1115 2629 1199 Sempronius

240 1201 563 1267 Gracchus
610 1209 762 1283 erat,
811 1202 914 1266 cui
958 1202 1324 1267 inimicitiae
1370 1222 1515 1266 cum
1560 1203 1628 1266 P.
1663 1202 1961 1285 Scipione
1998 1201 2493 1267 intercedebant.
2551 1200 2625 1282 is,

238 1308 381 1354 cum
432 1289 740 1354 vetuisset
791 1308 1023 1353 nomen
1077 1308 1258 1353 suum
1312 1287 1566 1353 decreto
1620 1289 2000 1372 collegarum
2054 1288 2350 1369 adscribi,
2406 1288 2628 1353 tristio-

236 1395 497 1458 remque
542 1396 761 1440 omnes
807 1376 1186 1440 sententiam
1235 1381 1662 1460 expectarent,
1710 1373 1800 1438 ita
1846 1375 2152 1440 decrevit:
2202 1397 2343 1440 cum
2389 1376 2460 1439 L.
2505 1375 2628 1440 Sci-

236 1463 341 1548 pio
396 1468 765 1528 excusasset
817 1464 1105 1527 morbum
1159 1482 1389 1527 causae
1451 1481 1592 1526 esse
1644 1462 1842 1542 fratri,
1904 1463 2058 1527 satis
2109 1462 2175 1526 id
2230 1461 2349 1527 sibi
2395 1460 2624 1545 videri;

132 1574 197 1621 15
237 1569 307 1615 se
353 1551 421 1614 P.
470 1549 853 1633 Scipionem,
909 1549 1277 1634 priusquam
1329 1550 1599 1613 Romam
1652 1548 1938 1630 redisset,
1991 1549 2274 1613 accusari
2318 1569 2446 1613 non
2491 1567 2629 1631 pas—

237 1656 479 1720 surum;
535 1642 668 1699 tum
717 1656 984 1717 quoque,
1043 1636 1098 1700 si
1142 1656 1210 1701 se
1256 1636 1555 1720 appellet,
1611 1635 1848 1700 auxilio
1897 1636 1957 1700 ei
2000 1635 2298 1714 futurum,
2353 1656 2435 1700 ne
2490 1650 2628 1699 cau-

238 1743 374 1788 sam
405 1721 602 1787 dicat:
644 1723 726 1786 ad
768 1722 834 1786 id
867 1722 1193 1806 fastigium
1233 1724 1424 1787 rebus
1462 1722 1680 1806 gestis,
1721 1722 2064 1789 honoribus
2103 1723 2319 1807 populi
2358 1723 2629 1787 Romani

238 1810 308 1874 P.
357 1809 717 1893 Scipionem
771 1809 1029 1874 deorum
1081 1809 1534 1891 hominumque
1590 1828 1900 1875 consensu
1955 1811 2344 1893 pervenisse,
2398 1816 2470 1873 ut
2515 1810 2631 1873 sub

237 1896 479 1961 Rostris
523 1917 699 1960 reum
747 1903 915 1962 stare
964 1902 1026 1961 et
1056 1897 1363 1980 praebere
1408 1916 1594 1961 aures
1633 1895 2132 1962 adolescentium
2179 1896 2482 1960 conviciis
2526 1916 2628 1979 po-

129 2007 199 2055 20
237 1983 385 2067 pulo
430 1984 715 2047 Romano
761 1984 966 2068 magis
1011 1981 1294 2049 deforme
1341 2004 1532 2065 quam
1576 1983 1698 2067 ipsi
1731 1983 1828 2047 sit.
1878 1985 2047 2047 LIII.
2082 1983 2333 2047 Adiecit
2380 1982 2629 2046 decreto

236 2069 767 2154 indignationem:
828 2072 983 2156 „sub
1031 2070 1300 2155 pedibus
1351 2071 1581 2135 vestris
1635 2070 1848 2152 stabit,
1903 2070 2158 2151 tribuni,
2215 2069 2482 2133 domitor
2525 2068 2629 2133 ille

237 2156 491 2221 Africae
544 2157 801 2241 Scipio?
890 2156 1034 2221 ideo
1089 2164 1383 2240 quattuor
1433 2157 1858 2222 nobilissimos
1911 2156 2106 2222 duces
2158 2159 2509 2221 Poenorum
2563 2156 2629 2219 in

237 2243 567 2327 Hispania,
631 2250 923 2326 quattuor
982 2244 1298 2308 exercitus
1358 2243 1523 2307 fudit
1588 2243 1986 2327 fugavitque3
2055 2243 2198 2308 ideo
2268 2243 2628 2327 Syphacem

238 2331 423 2415 cepit,
478 2330 906 2394 Hannibalem
960 2329 1215 2411 devicit,
1281 2328 1734 2414 Carthaginem
1785 2330 2166 2412 vectigalem
2219 2330 2405 2394 nobis
2456 2329 2627 2409 fecit,

132 2441 197 2488 25
236 2416 618 2482 Antiochum
665 2455 748 2463 —
795 2417 1019 2500 recipit
1072 2417 1241 2481 enim
1280 2416 1556 2480 >fratrem
1618 2423 1969 2482 consortem
2024 2416 2211 2481 huius
2263 2416 2500 2500 gloriae
2553 2416 2624 2479 L.

238 2504 451 2588 Scipio
497 2542 581 2549 —-
628 2504 792 2568 ultra
843 2503 993 2587 iuga
1038 2503 1231 2567 Tauri
1284 2503 1540 2585 emovit,
1603 2509 1670 2567 ut
1729 2503 1975 2569 duobus
2028 2503 2294 2569 Petilliis
2354 2523 2630 2568 succum-

237 2698 377 2748 1535
385 2714 404 2761 ;
448 2693 819 2747 secessionem
866 2707 931 2746 eo
979 2692 1069 2746 die
1114 2708 1225 2761 quo
1268 2692 1325 2745 in
1364 2695 1480 2749 eod.
1505 2712 1606 2748 ree.
1634 2696 1792 2761 (Lov.
1819 2696 1875 2761 2)
1913 2701 1961 2749 et
1998 2696 2076 2748 ed.
2105 2695 2412 2763 antiquiss„
2450 2706 2628 2744 seces-

236 2780 448 2834 sionem
474 2796 660 2834 romae
685 2783 731 2846 (r
762 2780 935 2849 Voss.)
962 2795 1028 2833 eo
1063 2779 1152 2833 die
1189 2795 1299 2848 quo
1336 2779 1392 2832 in
1428 2782 1500 2834 al.
1528 2783 1640 2837 eod.
1677 2799 1777 2836 ree.
1811 2782 1819 2848 Ι
1854 2784 1898 2836 1.
1926 2780 2199 2834 fecissetis
2235 2781 2485 2835 nonnull.
2512 2778 2624 2833 cod.

234 2885 334 2923 rec.
364 2869 573 2932 (Mead.
599 2873 649 2935 1,
675 2869 810 2924 Lov.
835 2872 886 2935 2,
912 2868 1115 2934 Harl).
1150 2868 1159 2934 Ι
1190 2870 1237 2922 3.
1264 2872 1330 2920 ut
1364 2867 1436 2935 M,
1462 2869 1643 2923 Aldus
1653 2888 1672 2935 ,·
1708 2887 1809 2923 om.
1837 2870 1952 2924 eod.
1978 2885 2079 2923 ree.
2105 2875 2154 2923 et
2190 2869 2268 2922 ed.
2297 2868 2584 2936 antiquiss
2617 2864 2623 2934 Ι

237 2956 286 3008 4.
323 2957 452 3007 ante
490 2970 663 3007 annos
709 2953 1099 3022 septemdecim
1145 2953 1369 3019 Crevier,
1407 2956 1795 3010 Drakenborch
1804 2977 1822 3018 ;
1867 2959 1996 3007 ante
2031 2956 2188 3007 annis
2225 2954 2393 3008 XVII
2428 2954 2625 3021 Aldus,

238 3044 366 3092 ante
403 3057 576 3094 annos
611 3041 926 3109 quindecim
969 3042 1039 3110 M,
1077 3046 1244 3095 antea
1288 3044 1403 3097 eod.
1440 3060 1541 3096 ree.
1576 3049 1625 3096 et
1669 3043 1747 3096 ed.
1778 3043 1952 3111 prior.
1988 3044 1996 3107 Ι
2027 3041 2305 3094 tribunum
2342 3040 2521 3109 plebis
2556 3040 2626 3103 M,

240 3127 375 3181 Lov.
400 3132 449 3194 2,
488 3129 650 3182 Harl.
686 3133 692 3193 Ι
727 3132 773 3183 7.
802 3129 1103 3182 audeamus
1129 3129 1260 3196 (Μῖ)
1296 3130 1376 3184 ed.
1401 3129 1580 3183 Basil.
1608 3132 1743 3182 1531
1753 3149 1772 3196 ,·
1809 3128 2076 3181 audemus
2101 3129 2214 3183 cod.
2240 3145 2358 3194 ree„
2384 3129 2463 3181 ecl.
2490 3129 2628 3181 anti-

239 3213 424 3281 quiss„
461 3215 656 3269 Aldus.
690 3217 697 3280 Ι
730 3218 778 3270 8.
818 3216 863 3268 si
901 3218 1034 3271 Lov.
1058 3221 1111 3283 2,
1148 3218 1226 3271 ed.
1254 3217 1432 3270 Basll.
1460 3219 1598 3269 1531
1608 3236 1627 3282 ;
1662 3219 1725 3267 ut
1760 3214 1808 3267 si
1842 3217 1931 3269 rel.
1961 3216 2075 3270 eod.
2101 3232 2199 3270 ree.
2227 3222 2274 3267 et
2311 3214 2388 3267 ed.
2410 3216 2585 3282 prior.
2617 3213 2623 3282 Ι

240 3302 287 3354 9.
329 3298 401 3353 ab
438 3300 670 3369 collegis
706 3306 740 3353 4
777 3304 890 3357 eod.
915 3320 1015 3356 ree.
1044 3304 1277 3369 (Voss.);
1322 3302 1393 3355 ad
1430 3302 1676 3369 collegas
1712 3303 1847 3357 Lov.
1873 3307 1925 3369 2,
1964 3303 2147 3368 Harl„
2192 3316 2225 3353 a
2273 3300 2504 3368 collegis
2549 3302 2626 3354 ed.

235 3392 336 3441 vet.
368 3387 378 3451 Ι
421 3390 500 3442 10.
546 3387 777 3456 produci
832 3389 945 3443 eod.
979 3406 1079 3443 ree.
1107 3391 1368 3457 plerique.
1400 3389 1409 3456 Ι
1451 3388 1535 3441 Ti.
1583 3390 1660 3442 ed.
1696 3389 1874 3442 Basil.
1909 3391 2048 3442 1535
2057 3410 2076 3456 ;
2118 3393 2156 3441 t.
2194 3389 2309 3444 eod.
2336 3406 2435 3442 rec.
2464 3394 2513 3442 et
2548 3390 2627 3442 ed.

226 3473 425 3543 prior„
451 3491 550 3527 om.
578 3476 713 3529 Lov.
734 3478 782 3527 2.
817 3476 825 3541 Ι
860 3477 939 3528 14.
961 3479 1281 3526 excusasset
1305 3475 1384 3543 M,
1422 3478 1652 3527 excuset
1676 3476 1787 3529 eod.
1815 3492 1915 3530 ree.
1950 3477 1956 3539 Ι
1990 3473 2239 3528 morbum
2265 3490 2467 3528 causae
2506 3489 2629 3527 esse

231 3561 369 3615 Lov.
396 3563 450 3626 ,2,
487 3560 672 3629 Harl„
696 3562 906 3628 Mead.;
950 3560 1200 3613 morbum
1239 3575 1362 3614 esse
1399 3576 1604 3614 causae
1641 3563 1710 3616 al.
1738 3579 1857 3629 rec„
1896 3564 1962 3629 cf.
1992 3565 2186 3631 ephem.
2215 3563 2400 3616 Austr.
2428 3566 2580 3615 1892.
2615 3559 2621 3629 Ι

234 3648 318 3700 22.
354 3645 514 3701 Cobet
540 3649 638 3701 del.
666 3646 863 3715 Scipio.
898 3648 905 3714 Ι
937 3650 1018 3701 23.
1045 3645 1192 3699 fudit
1224 3646 1551 3715 fugavitque
1588 3649 1720 3702 Lov.
1747 3650 1825 3705 2?
1852 3650 2015 3702 Harl.
2034 3650 2090 3715 .9‚·
2125 3647 2270 3700 fudit
2298 3649 2625 3715 necauitque

234 3732 308 3799 M,
354 3732 503 3786 fudit
546 3732 769 3801 fugauit
805 3736 915 3790 eod.
950 3752 1052 3789 ree.
1080 3736 1343 3803 plerique,
1381 3733 1526 3786 fudit
1572 3733 1806 3803 fugavit,
1844 3734 2082 3798 Quirites
2120 3737 2257 3790 coni.
2286 3736 2366 3789 M.
2394 3737 2626 3789 Mueller

225 3822 412 3887 praef.
437 3837 499 3889 p.
536 3820 667 3874 XV.
704 3820 711 3886 Ι
743 3821 825 3874 25.
862 3819 1057 3887 recipit
1092 3821 1325 3889 Madvig]
1364 3822 1488 3875 Em.
1516 3822 1584 3875 L.
1615 3839 1675 3890 p.
1704 3826 1833 3889 552;
1867 3821 2076 3889 recepit
2111 3822 2225 3877 eod.
2259 3822 2268 3889 1

2213 3910 2313 3959 12*

2670 1388 2732 1434 10

2670 1737 2727 1782 11
