2925 4278
635 146 856 199 LIBER
891 145 1187 201 XXXVII.
1226 146 1382 201 CAP.
1410 151 1494 203 20.
1521 151 1602 203 21.
1649 148 1713 216 [a.
1744 148 1808 203 U.
1835 162 1878 201 e.
1908 148 2047 217 564].
2437 130 2517 193 73

142 322 483 406 templatus
540 340 716 385 arma
776 341 921 386 suos
981 340 1205 404 capere
1267 328 1328 385 et
1388 321 1473 385 ad
1517 329 1760 405 portam
1823 329 2072 406 praesto
2118 342 2258 388 esse
2303 323 2512 406 iubet,

141 410 276 493 ipse
322 408 606 472 Attalum
652 407 786 471 adit
832 415 894 472 et
938 408 1004 472 in
1050 408 1260 472 animo
1307 409 1425 473 sibi
1475 428 1614 473 esse
1660 408 1823 472 dixit
1867 408 2137 474 hostium
2185 410 2518 474 stationem

143 502 473 579 temptare.
566 514 755 578 aegre
801 494 867 558 id
911 495 1311 577 permittente
1357 495 1589 576 Attalo,
1637 496 1869 579 quippe
1915 496 2024 577 qui
2069 503 2320 559 centum
2353 496 2519 577 equi·
2594 507 2621 553 7

144 583 312 647 tibus
357 580 666 646 adversus
711 589 1049 661 sescentos,
1108 582 1277 646 mille
1337 581 1655 665 peditibus
1716 603 1856 646 cum
1919 588 2211 664 quattuor
2268 583 2520 647 milibus

80 689 110 737 5
145 675 573 753 pugnaturum
607 675 906 747 cerneret,
941 675 1121 751 porta
1152 687 1442 751 egressus
1476 668 1645 732 haud
1675 669 1889 752 procul
1921 669 2191 734 statione
2223 669 2515 748 hostium,

147 755 540 820 occasionem
588 756 939 838 opperienS,
989 755 1289 818 consedit.
1382 762 1445 820 et
1491 756 1598 837 qui
1642 756 1935 839 Pergami
1969 762 2145 820 erant
2176 755 2519 820 amentiam
2592 768 2622 814 8

152 841 350 924 magis
396 861 586 922 quam
631 840 962 906 audaciam
1023 839 1276 905 credere
1338 862 1496 923 esse,
1545 849 1608 905 et
1653 843 1864 907 hostes
1908 843 2227 926 paulisper
2284 843 2350 906 in
2413 862 2521 906 eos

149 928 333 1008 versi,
379 934 450 991 ut
495 926 649 991 nihil
696 930 931 993 moveri
976 928 1288 1008 viderunt,
1337 948 1455 993 nec
1501 929 1623 1012 ipsi
1669 930 2004 1011 quicquam
2052 949 2131 993 ex
2178 929 2359 993 solita
2420 949 2521 992 ne-

143 1014 490 1098 glegentia,
538 1013 791 1098 insuper
852 1014 1039 1078 etiam
1102 1013 1429 1079 eludentes
1489 1016 1889 1097 paucitatem,
1952 1023 2287 1080 mutarunt.
2380 1016 2522 1080 Dio·
2594 1029 2624 1076 9

51 1121 109 1167 ιο
143 1100 394 1185 phanes
463 1101 704 1182 quietos
769 1100 1155 1182 aliquamdiu
1224 1120 1389 1181 suos,
1458 1102 1633 1165 velut
1698 1101 1781 1165 ad
1845 1103 2272 1186 spectaculum
2335 1101 2520 1166 modo

142 1188 427 1267 eductos,
475 1188 813 1271 continuit;
861 1193 1191 1271 postquam
1240 1187 1516 1271 dilapsos
1560 1190 1640 1253 ab
1702 1188 2026 1253 ordinibus
2085 1188 2296 1253 hostes
2343 1188 2520 1269 vidit,
2564 1203 2626 1249 10

143 1274 488 1359 peditibus,
537 1281 837 1355 quantum
881 1274 1232 1338 accelerare
1276 1280 1555 1358 possent,
1604 1276 1780 1356 sequi
1827 1276 2031 1355 iussis,
2066 1276 2200 1358 ipse
2275 1276 2522 1358 rinceps

140 1363 311 1426 inter
360 1360 602 1442 equites
649 1382 788 1425 cum
834 1368 1040 1425 turma
1085 1381 1218 1440 sua,
1283 1379 1470 1441 quam
1517 1367 1725 1444 potest
1787 1362 2179 1426 effusissimis
2283 1362 2524 1442 abenis,

141 1450 422 1513 clamore
467 1448 549 1511 ab
596 1448 764 1512 omni
825 1447 1005 1511 simul
1068 1447 1277 1531 pedite
1339 1454 1530 1529 atque
1593 1448 1802 1528 equite
1863 1448 2128 1528 sublat0,
2190 1449 2523 1513 stationem

52 1555 107 1602 15
140 1536 423 1600 hostium
470 1534 806 1618 improviso
851 1533 1112 1598 invadit.
1204 1555 1330 1599 non
1375 1533 1662 1599 homines
1708 1534 1926 1615 solum,
1974 1534 2086 1599 sed
2132 1535 2278 1616 equi
2332 1535 2522 1598 etiam
2565 1552 2622 1595 11

145 1621 368 1700 territi,
418 1640 558 1684 cum
604 1621 856 1685 vincula
900 1620 1321 1705 abrupissent,
1376 1620 1861 1704 trepidationem
1906 1628 1969 1685 et
1998 1622 2331 1686 tumultum
2362 1622 2527 1685 inter

150 1728 291 1773 suos
341 1707 645 1772 fecerunt.
737 1708 919 1790 pauci
966 1709 1220 1772 stabant
1263 1707 1569 1791 impavidi
1616 1708 1795 1791 equi,
1844 1704 1951 1773 eo's
1995 1708 2166 1792 ipsos
2212 1730 2336 1773 non
2378 1715 2524 1772 ster·
2565 1724 2627 1770 12

155 1814 315 1876 nere,
379 1813 507 1858 non
566 1793 880 1859 infrenare
939 1801 1048 1858 aut
1094 1794 1432 1859 escendere
1479 1794 1664 1859 facile
1709 1801 2033 1878 poterant,
2095 1795 2291 1858 multo
2336 1795 2525 1859 maio·

152 1902 277 1946 rem
327 1900 520 1962 quam
564 1900 677 1963 pro
738 1902 996 1946 numero
1059 1882 1335 1963 equitum
1397 1887 1696 1945 terrorem
1758 1881 2029 1946 Achaeis
2089 1881 2523 1945 inferentibus.

58 1985 115 2033 20
148 1967 400 2052 pedites
447 1985 596 2031 vero
642 1967 910 2031 ordinati
957 1973 1019 2031 et
1061 1968 1421 2051 praeparati
1468 1988 1718 2051 sparsos
1764 1989 1876 2051 per
1936 1968 2403 2051 neglegentiam
2466 1973 2528 2032 et
2567 1985 2629 2032 13

147 2055 566 2119 semisomnos
611 2073 805 2137 prope
851 2053 1052 2118 adorti
1101 2061 1263 2117 sunt.
1357 2053 1586 2118 caedes
1632 2055 1868 2138 passim
1913 2054 2191 2137 fugaque
2222 2075 2336 2138 per
2366 2074 2526 2118 cam-

150 2162 265 2227 pos
314 2139 489 2205 facta
533 2147 647 2205 est.
737 2141 1106 2225 Diophanes
1152 2149 1401 2206 secutus
1448 2142 1698 2221 effusoS,
1748 2141 1954 2223 quoad
1986 2149 2186 2206 tutum
2219 2142 2354 2221 fuit,
2402 2162 2526 2205 ma·
2570 2159 2631 2206 14

149 2250 275 2313 gno
326 2228 551 2292 decore
595 2227 770 2311 genti
816 2228 1210 2292 Achaeorum
1256 2235 1435 2312 parto
1481 2265 1566 2274 —-
1612 2235 2055 2312 spectaverant
2086 2229 2254 2292 enim
2300 2249 2335 2293 e
2367 2249 2528 2293 moe-

152 2317 341 2381 nibus
385 2314 676 2398 Pergami
724 2335 850 2379 non
894 2315 1013 2378 viri
1060 2315 1242 2379 modo
1288 2314 1400 2378 sed
1445 2315 1721 2379 feminae
1783 2314 1971 2378 etiam
2025 2351 2110 2360 —-
2170 2315 2235 2378 in
2298 2314 2528 2397 praesi-

57 2419 120 2466 25
153 2401 329 2466 dium
375 2401 550 2465 urbis
595 2400 773 2465 redit.
863 2401 1040 2465 XXI.
1088 2402 1346 2466 Postero
1394 2400 1496 2466 die
1542 2402 1754 2484 regiae
1799 2401 2005 2484 magis
2052 2400 2433 2483 compositae
2466 2407 2527 2464 et
2605 2420 2628 2465 1

153 2488 483 2553 ordinatae
529 2487 831 2553 stationes
878 2487 1239 2571 quingentis
1342 2488 1591 2552 assibus
1651 2487 1899 2569 longius
1958 2487 2039 2550 ab
2101 2488 2255 2551 urbe
2315 2506 2532 2570 posue-.

152 2582 299 2639 runt
348 2580 589 2657 castra3
639 2581 701 2638 et
744 2574 982 2638 Achaei
1029 2572 1249 2638 eodem
1324 2594 1493 2638 erme
1539 2581 1820 2656 tempore
1880 2579 2071 2654 atque
2130 2574 2194 2636 in
2258 2573 2530 2638 eundem

152 2662 358 2726 locum
434 2667 887 2744 processerunt.
978 2680 1092 2744 per
1150 2660 1377 2725 multas
1438 2659 1625 2725 horas
1685 2660 1911 2724 intenti
1972 2660 2284 2741 utrimque
2360 2660 2533 2723 velut
2604 2680 2634 2725 2

154 2749 279 2812 iam
331 2747 609 2811 futurum
654 2748 960 2831 impetum
993 2753 1447 2830 expectavere3
1495 2753 1826 2830 postquam
1858 2745 2029 2810 haud
2060 2747 2278 2830 procul
2306 2766 2535 2811 occasu

369 2940 415 2992 1.
455 2937 525 2991 ad
563 2941 776 3005 portam
814 2938 927 2992 cod.
954 2937 1039 3004 (B)
1076 2945 1124 2991 et
1160 2938 1242 2991 ecl.
1265 2943 1361 2990 vet.
1373 2957 1391 3004 ,·
1432 2936 1503 2990 ad
1540 2937 1692 2990 iussa
1726 2937 1796 3005 M,
1834 2939 2080 3007 Madvig),
2118 2939 2301 3004 Hertz,
2336 2938 2429 2991 sed
2464 2939 2533 3004 cf.

152 3028 393 3082 Mueller
420 3042 481 3093 p.
501 3027 628 3079 VII.
663 3026 670 3091 Ι
702 3027 750 3078 2.
789 3023 926 3076 adiit
962 3024 1031 3091 M,
1070 3025 1318 3093 Moyrmt.
1351 3028 1359 3087 Ι
1390 3026 1439 3078 4.
1479 3028 1770 3078 sexcentos
1806 3025 2109 3091 (sescentos
2133 3022 2199 3090 B)
2236 3024 2347 3078 cod.
2368 3025 2535 3093 pleri-

152 3132 248 3183 que
286 3119 337 3168 et
381 3113 463 3166 ecl.
491 3113 803 3180 antiquiss.3
849 3110 1118 3163 ducentos
1164 3109 1235 3177 M,
1281 3115 1557 3164 trecentos
1603 3112 1682 3165 ed.
1718 3111 1893 3164 Basil.
1930 3114 2082 3164 1535.
2116 3110 2123 3175 Ι
2164 3113 2212 3164 6.
2258 3108 2538 3163 sconsedit

152 3203 276 3267 (sie)
326 3201 410 3254 eol.
449 3200 581 3253 Par.
619 3203 774 3266 1510,
830 3196 1080 3251 considet
1128 3198 1241 3253 eod.
1289 3196 1376 3262 (B)
1421 3203 1472 3251 et
1516 3198 1593 3251 ed.
1642 3198 1945 3265 antiquiss„
1989 3195 2191 3249 cosidit
2235 3197 2315 3250 ed.
2354 3196 2535 3263 Luycl.

155 3292 308 3342 1538.
343 3288 351 3353 Ι
389 3289 438 3340 7.
474 3285 754 3353 paulisper
789 3303 891 3341 om.
918 3284 980 3336 B.
1014 3285 1023 3349 Ι
1054 3287 1101 3339 8.
1141 3297 1242 3335 nec
1276 3283 1382 3350 ipsi
1419 3283 1710 3352 quicquam
1749 3283 1819 3350 M,
1857 3284 2065 3350 Aldus;
2108 3297 2209 3336 nec
2245 3282 2536 3350 quicquam

153 3373 213 3443 B,
261 3375 380 3431 eod.
418 3390 518 3428 ree.
555 3373 760 3444 (Voss.)
805 3379 853 3426 et
898 3373 977 3425 ed.
1015 3378 1129 3438 vet„
1174 3370 1535 3438 nequicquam
1583 3372 1655 3424 al.
1690 3388 1790 3424 rec.
1826 3371 1980 3436 (Lov.
2006 3371 2079 3435 2).
2113 3371 2121 3436 Ι
2153 3373 2200 3425 9.
2240 3368 2538 3436 diaphenes

155 3460 213 3514 B.
248 3464 256 3525 Ι
294 3464 376 3515 10.
415 3458 636 3527 quietus
660 3458 760 3526 B·?,
798 3460 913 3514 cod.
939 3475 1037 3512 rec.
1059 3458 1303 3526 plerique
1338 3458 1557 3523 (Voss).
1591 3457 1598 3523 Ι
1633 3459 1713 3511 13.
1750 3471 1913 3523 quam
1950 3459 2138 3522 potest
2171 3457 2540 3510 Weissenborn

157 3549 233 3601 ecl.
255 3547 566 3614 Weidm.1o.
592 3549 724 3612 191,-
758 3560 920 3612 quam
957 3547 1150 3611 posset
1187 3544 1301 3598 eod.
1323 3543 1424 3610 (B),
1462 3558 1627 3610 quam
1664 3547 1891 3610 possent
1925 3543 2005 3595 ed.
2032 3544 2335 3611 antiquiss„
2372 3557 2539 3610 quan-

159 3639 274 3686 tum
311 3631 497 3701 potuit
531 3632 601 3699 M,
637 3633 834 3686 Aldus,
868 3635 876 3696 Ι
907 3633 990 3685 20.
1028 3645 1162 3683 uero
1198 3629 1413 3697 pedites
1449 3629 1513 3682 B.
1547 3632 1555 3694 Ι
1586 3632 1668 3683 22.
1708 3628 2008 3695 diaphenes
2046 3637 2093 3683 et
2134 3631 2214 3684 sie
2256 3632 2367 3697 fere
2409 3646 2540 3683 sem-

155 3738 253 3788 per
286 3720 349 3773 B.
385 3723 393 3785 Ι
424 3722 507 3774 25.
545 3717 708 3784 rediit
742 3718 812 3786 M,
838 3719 970 3773 Lov.
996 3721 1047 3784 2,
1086 3718 1334 3786 Moywnt.
1369 3718 1377 3783 1
1409 3718 1493 3771 29.
1533 3719 1895 3782 expectavere
1934 3717 2048 3770 cod.
2087 3733 2186 3771 ree.
2226 3722 2274 3770 et
2309 3717 2388 3769 ecl.
2416 3722 2538 3778 vet„-

164 3812 453 3876 expectare
490 3806 552 3874 B,
588 3807 810 3873 Bekker,
850 3809 1280 3873 expectauerant
1318 3805 1388 3872 M,
1424 3804 1670 3873 Madviy,
1708 3805 1888 3858 Hertz.
1922 3806 1930 3868 Ι
1962 3818 2189 3857 occasus
2226 3803 2286 3856 B.
2320 3804 2328 3867 Ι
