2925 4278
564 143 787 196 LIBER
825 144 1124 198 xxxvn.
1163 142 1329 197 CAP.
1355 147 1441 199 43.
1468 147 1551 198 44.
1580 147 1662 199 45.
1703 144 1775 212 [a.
1804 145 1869 198 U.
1896 160 1941 197 0.
1969 146 2108 213 5641.
2436 127 2519 190 99

42 348 47 363 ·
160 319 418 383 maxime
463 319 808 399 inclinavit,
856 327 918 383 et
964 320 1150 385 huius
1195 320 1428 385 fiducia
1475 319 1912 399 multitudinis,
1962 321 2069 402 qui
2099 321 2165 385 in
2207 320 2523 404 praesidio

160 413 338 485 erant,
386 406 768 488 pertinacius
815 428 927 489 pro
973 408 1139 471 vallo
1170 414 1550 491 pugnarunt.
1628 408 1856 471 retenti
1889 407 1952 470 in
1987 408 2180 491 portis
2212 408 2523 490 valloque,
2568 427 2628 474 11

160 512 303 573 quae
368 513 438 556 se
507 493 743 577 impetu
770 575 774 577 Α
806 494 942 577 ipso
1005 502 1296 578 capturos
1357 493 1775 573 crediderant,
1838 494 2129 574 Romani,
2193 502 2528 576 postquam

158 578 395 642 tandem
420 588 855 663 perruperunt,
881 581 962 645 ab
989 581 1082 644 ira
1110 582 1468 664 graviorem
1497 580 1830 645 ediderunt
1862 580 2141 645 caedem.
2177 581 2405 645 XLIV.
2426 580 2527 645 Ad

102 693 126 735 5
158 666 599 749 quinquaginta
643 667 815 729 milia
859 666 1143 749 peditum
1191 688 1377 732 caesa
1424 688 1499 734 eo
1546 667 1649 732 die
1697 667 2009 747 dicuntur,
2071 668 2352 749 equitum
2410 668 2530 733 tria

157 752 341 834 milia;
391 753 560 817 mille
609 760 672 817 et
717 753 1163 837 quadringenti
1210 755 1397 838 capti,
1447 762 1510 818 et
1558 754 1920 836 quindecim
1984 775 2125 818 cum
2179 755 2527 819 rectoribus

161 839 476 922 elephanti.
569 841 993 903 Romanorum
1054 841 1291 921 aliquot
1354 842 1667 905 vulnerati
1731 849 1910 925 sunt;
1975 840 2338 906 ceciderunt
2400 861 2527 904 non

154 925 277 1007 plus
320 926 590 989 trecenti
634 925 900 1008 pedites,
949 935 1242 1007 quattuor
1287 935 1349 991 et
1395 928 1624 1010 viginti
1672 929 1916 1010 equites
1978 936 2039 992 et
2096 928 2175 992 de
2222 929 2528 993 Eumenis

156 1012 417 1076 exercitu
466 1013 746 1094 quinque
793 1020 854 1077 et
902 1014 1146 1096 viginti.

79 1123 125 1168 10
337 1100 421 1162 Et
467 1099 574 1163 illo
637 1099 888 1180 quidem
951 1100 1054 1164 die
1114 1100 1384 1164 victores
1444 1100 1709 1184 direptis
1772 1101 2049 1165 hostium
2117 1102 2339 1166 castris
2385 1122 2528 1165 cum

154 1204 366 1268 magna
411 1185 653 1269 praeda
699 1186 760 1249 in
809 1207 924 1250 sua
970 1194 1405 1270 reverterunt3
1454 1195 1725 1270 postero
1754 1187 1856 1252 die
1907 1189 2264 1271 spoliabant
2319 1208 2527 1252 caeso-

151 1291 268 1335 rum
321 1293 588 1356 corpora
646 1281 711 1337 et
778 1273 1060 1356 captivos
1121 1273 1597 1338 contrahebant.
1690 1274 1882 1356 legati
1943 1274 2024 1338 ab
2086 1274 2394 1356 Thyatira
2458 1281 2520 1339 et

151 1355 461 1441 Magnesia
506 1358 588 1421 ad
636 1359 927 1443 Sipylum
985 1360 1070 1424 ad
1116 1359 1443 1424 dedendas
1499 1362 1687 1426 urbes
1747 1369 2074 1425 venerunt.
2166 1359 2522 1426 Antiochus

151 1463 273 1507 cum
318 1445 540 1528 paucis
586 1445 857 1529 fugienS,
906 1446 972 1509 in
1018 1447 1155 1531 ipso
1200 1447 1425 1510 itinere
1488 1447 1773 1529 pluribus
1838 1448 2371 1531 congregantibus
2433 1467 2521 1528 se,

77 1551 123 1597 15
153 1529 379 1595 modica
425 1552 617 1595 manu
673 1540 1058 1597 armatorum
1121 1533 1331 1597 media
1391 1534 1591 1598 ferme
1650 1540 1834 1598 nocte
1897 1534 2130 1599 Sardes
2192 1535 2520 1598 concessit.

153 1616 299 1698 inde,
348 1638 492 1682 cum
539 1617 820 1682 audisset
867 1619 1200 1684 Seleucum
1246 1620 1440 1683 filium
1490 1628 1552 1683 et
1598 1619 1905 1701 quosdam
1967 1622 2309 1685 amicorum
2359 1625 2522 1704 Apa-

152 1723 335 1767 meam
396 1725 783 1789 progreSSOS,
847 1713 909 1770 et
968 1707 1104 1790 ipse
1167 1713 1386 1785 quarta
1448 1707 1668 1788 vigilia
1729 1727 1872 1771 cum
1935 1708 2200 1792 coniuge
2261 1728 2338 1771 ac
2392 1708 2525 1771 filia

152 1791 288 1871 petit
334 1793 709 1875 Apameam,
759 1794 1009 1856 Xenoni
1068 1792 1301 1856 tradita
1362 1793 1650 1857 custodia
1694 1793 1888 1874 urbis,
1950 1794 2216 1859 Timone
2276 1794 2523 1877 Lydiae

153 1880 522 1962 praeposit03
595 1879 823 1960 quibus
893 1880 1119 1962 spretis
1181 1899 1491 1943 consensu
1563 1880 2020 1964 oppidanorum
2100 1888 2160 1946 et
2236 1882 2523 1960 militum,

77 1982 123 2030 ‘20
153 1964 243 2043 qui
291 1965 355 2028 in
417 1984 567 2029 arce
621 1973 819 2046 erant,
871 1966 1063 2048 legati
1108 1965 1192 2028 ad
1254 1967 1574 2030 consulem
1636 1967 1810 2031 missi
1873 1974 2035 2031 sunt.
2143 1968 2338 2032 XLV.
2388 1968 2518 2033 Sub

150 2048 296 2114 idem
342 2052 479 2116 fere
528 2059 776 2135 tempus
833 2058 895 2116 et
955 2054 1033 2117 ab
1096 2053 1413 2118 Trallibus
1461 2060 1525 2117 et
1556 2053 1907 2137 Magnesia,
1944 2076 2106 2136 quae
2139 2075 2327 2137 super
2357 2055 2524 2119 Mae-

148 2136 395 2203 andrum
445 2146 563 2219 est,
613 2147 674 2203 et
734 2141 814 2205 ab
862 2138 1117 2223 Epheso
1176 2139 1258 2203 ad
1322 2138 1651 2205 dedendas
1713 2141 1903 2206 urbes
1966 2149 2292 2206 venerunt.
2385 2141 2529 2205 reli-.

149 2233 346 2304 querat
391 2226 718 2311 Ephesum
764 2226 1195 2309 Polyxenidas
1249 2227 1469 2291 audita
1523 2248 1760 2311 pugna,
1810 2235 1873 2292 et
1934 2228 2118 2292 classi
2176 2248 2377 2309 usque
2439 2226 2523 2291 ad

150 2309 355 2377 Patara
433 2313 674 2394 Lyciae
741 2320 1094 2396 pervectuS,
1172 2321 1341 2377 metu
1411 2315 1703 2378 stationis
1778 2313 2163 2378 Rhodiarum
2240 2315 2519 2394 navium,

76 2412 121 2459 25
151 2416 291 2477 quae
350 2400 437 2464 ad
483 2400 794 2483 Megisten
838 2407 1037 2479 erant,
1084 2400 1149 2463 in
1198 2408 1430 2465 terram
1479 2421 1772 2482 egressus
1820 2422 1960 2464 cum
2015 2401 2234 2484 paucis
2295 2401 2520 2465 itinere

149 2484 405 2565 pedestri
454 2486 709 2570 Syriam
755 2488 932 2570 petit.
1027 2487 1217 2550 Asiae
1282 2487 1573 2551 civitates
1633 2488 1699 2551 in
1759 2486 1951 2551 fidem
2007 2487 2280 2552 consulis
2335 2486 2521 2552 dicio-

336 2665 380 2715 1.
409 2659 714 2713 declinanit
739 2659 800 2712 B.
835 2664 842 2724 Ι
874 2658 966 2728 qui
989 2700 1000 2711 .
1023 2700 1034 2712 .
1058 2700 1069 2712 .
1092 2665 1249 2712 erant
1271 2664 1308 2713 2
1334 2660 1450 2713 eod.
1471 2676 1569 2713 ree.
1600 2660 1825 2725 (Harl),
1857 2661 2036 2713 Gelen.
2064 2659 2137 2726 (M
2148 2659 2212 2726 ‘?),
2237 2660 2317 2712 ed.
2337 2659 2516 2713 Basil.

149 2749 289 2810 1535;
336 2751 727 2816 quae...erat
772 2749 864 2801 rel.
901 2748 1014 2801 eod.
1052 2746 1138 2813 (B)
1184 2754 1232 2800 et
1277 2748 1357 2800 ed.
1391 2748 1564 2815 prior.
1599 2748 1605 2812 Ι
1639 2750 1685 2801 5.
1724 2760 1920 2798 caesae
1970 2761 2035 2798 eo
2073 2746 2134 2798 B.
2168 2751 2175 2810 Ι
2206 2746 2313 2799 tria
2353 2764 2405 2796 00
2453 2746 2513 2813 B,

146 2839 362 2896 quatuor
396 2833 549 2886 milia
572 2833 642 2901 M,
668 2835 863 2887 Aldus.
898 2839 905 2896 Ι
938 2836 985 2887 6.
1011 2832 1161 2886 mille
1196 2852 1297 2889 om.
1326 2833 1385 2886 B.
1420 2837 1427 2897 Ι
1465 2837 1542 2887 11.
1572 2837 1790 2899 postera
1825 2832 1893 2885 M.
1928 2835 1936 2898 Ι
1972 2835 2050 2887 12.
2078 2832 2147 2885 ad
2182 2834 2390 2901 tyatira
2425 2832 2518 2902 Β.Ι

149 2919 214 2971 12.
250 2925 304 2972 et
347 2920 635 2988 Magnesia
679 2920 749 2973 ad
787 2919 1039 2988 Sipylum
1069 2922 1445 2975 Weissenborn
1500 2921 1578 2973 ed.
1623 2921 1838 2986 Teubn„
1877 2923 1944 2988 ef.
1967 2923 2148 2988 praef.
2175 2938 2233 2988 p.
2269 2920 2435 2973 XXI
2475 2926 2523 2974 et

145 3021 264 3070 quae
304 3009 542 3062 adiunxi
580 3010 776 3076 ephem.
806 3009 998 3060 Austr.
1025 3012 1200 3073 1892‚·
1254 3011 1311 3058 et
1357 3005 1641 3074 magnesia
1687 3004 1758 3058 ab
1806 3005 1989 3073 sipylo
2035 3006 2239 3074 (sypilo
2284 3007 2349 3073 B)
2399 3007 2514 3062 eod.

145 3092 364 3162 plerique
391 3094 474 3162 (B,
510 3095 692 3162 Voss),
732 3101 787 3147 et
824 3093 1110 3162 magnesia
1146 3099 1203 3145 et
1240 3093 1420 3162 sipylo
1448 3095 1584 3147 Lov.
1608 3099 1661 3161 2,
1689 3099 1744 3145 et
1782 3111 1814 3146 a
1841 3093 2130 3161 Magnesia
2166 3093 2236 3145 ad
2262 3091 2517 3161 Sipylum

146 3178 211 3230 ed.
244 3182 418 3235 Basil.
453 3186 608 3248 1531,
646 3185 703 3233 et
739 3181 1023 3249 Magnesia
1061 3186 1119 3233 et
1154 3180 1226 3233 ab
1265 3179 1458 3249 Sipylo
1508 3182 1585 3235 ed.
1606 3183 1800 3249 prior„
1841 3184 1898 3233 et
1935 3196 1968 3231 a
2004 3179 2289 3246 Magnesia
2326 3178 2397 3231 ab
2435 3178 2513 3231 Si-

145 3263 261 3330 pylo
304 3285 423 3322 eum
470 3269 801 3335 Spanhemio
850 3270 987 3322 coni.
1024 3269 1429 3335 Drakenborch,
1480 3272 1536 3320 et
1581 3284 1614 3319 a
1653 3266 1940 3334 Magnesia
1987 3264 2091 3318 sub
2131 3264 2323 3334 Sipylo
2361 3267 2407 3318 I.
2448 3266 2516 3319 F.

150 3351 454 3409 Gronovius.
490 3358 495 3416 Ι
532 3358 611 3408 15.
650 3353 825 3407 sardis
861 3354 923 3420 B,
964 3353 1175 3407 sardeis
1215 3355 1284 3409 M.
1318 3359 1325 3420 Ι
1358 3355 1634 3407 concessit
1672 3356 1785 3408 eod.
1814 3355 2062 3422 plerique
2085 3352 2170 3419 (B)
2206 3359 2255 3406 et
2291 3354 2368 3406 ed.
2395 3359 2489 3406 vet.
2502 3372 2521 3419 ,-

145 3439 410 3492 contendit
447 3441 515 3504 M,
554 3443 620 3508 ef.
649 3442 726 3495 M.
756 3442 987 3495 Mueller
1022 3445 1203 3510 praef.
1229 3460 1282 3510 p.
1312 3442 1421 3495 IX.
1457 3442 1465 3506 Ι
1502 3444 1582 3494 17.
1608 3453 1966 3507 praegressos
2004 3441 2119 3493 eod.
2144 3457 2246 3493 ree.
2274 3440 2520 3507 plerique

146 3523 286 3586 (Lov.
310 3529 369 3592 2)
405 3535 453 3582 et
489 3529 568 3581 ed.
603 3534 699 3582 vet.
734 3530 740 3594 Ι
773 3531 830 3579 et
865 3527 985 3594 ipse
1021 3528 1090 3595 M,
1129 3529 1336 3593 Aldus,-
1372 3545 1472 3582 om.
1500 3529 1590 3580 rel.
1619 3528 1732 3581 eod.
1760 3525 1847 3593 (B)
1884 3527 2046 3589 eted.
2066 3528 2241 3594 prior.
2276 3527 2284 3590 Ι
2320 3529 2400 3580 18.
2436 3539 2518 3577 ze-

146 3611 261 3664 noni
294 3616 407 3669 eod.
441 3632 541 3669 ree.
577 3621 626 3668 et
669 3616 749 3668 ed.
776 3621 871 3669 vet.
905 3615 912 3682 1
944 3616 1029 3668 21.
1068 3618 1124 3667 et
1159 3612 1446 3681 Magnesia
1481 3613 1557 3680 Βς
1595 3616 1653 3665 et
1689 3611 1760 3665 ab
1797 3611 2082 3678 magnesia
2127 3613 2241 3666 eod.
2276 3629 2378 3666 ree.
2405 3612 2518 3680 ple-

146 3698 297 3766 rique,
343 3701 412 3754 ab
458 3701 744 3768 magnesia
781 3702 915 3757 Lov.
949 3706 999 3755 2.
1034 3705 1040 3765 1
1082 3703 1167 3755 22.
1214 3698 1285 3752 ab
1335 3699 1557 3767 Epheso
1603 3699 1776 3766 legati
1826 3698 1896 3751 ad
1943 3698 2225 3751 dedendas
2272 3700 2350 3752 ed.
2378 3695 2513 3765 vet.l

148 3785 219 3837 24.
253 3787 469 3840 navium
508 3807 607 3843 om.
636 3788 696 3841 B.
732 3796 740 3848 Ι
772 3792 853 3843 25.
892 3791 1184 3856 megysten
1219 3788 1283 3840 B.
1317 3788 1324 3852 Ι
1356 3790 1439 3841 26.
1480 3787 1640 3854 petiit
1677 3789 1756 3842 ed.
1787 3788 1966 3842 Basil.
1993 3790 2144 3839 1531.
2180 3788 2188 3851 Ι

2140 3873 2204 3921 ΤΧ·

2603 602 2629 648 1

2601 861 2631 908 2

2601 1123 2630 1166 3
