2925 4278
423 119 506 182 48
962 133 1188 187 LIBER
1225 132 1494 186 xxxvl.
1534 133 1701 188 oAP.
1727 137 1810 189 44.
1851 135 1917 202 [a.
1945 135 2009 189 U.
2037 151 2083 188 e..
2110 135 2251 204 563].

357 317 386 363 2
429 329 637 391 aequa
681 308 888 373 fronte
931 307 1015 372 ad
1061 327 1344 391 pugnam
1389 306 1791 390 procedebat.
1871 308 2041 389 quod
2100 309 2209 372 ubi
2270 307 2430 372 vidit
2476 310 2809 389 RomanuS,

423 396 568 460 vela
614 394 927 459 contrahit
974 395 1343 475 malosque
1342 394 1609 457 inclinat
1655 401 1717 459 et
1763 394 1949 458 simul
1992 401 2387 459 armamenta
2435 415 2810 479 componens

355 501 385 547 3
423 482 744 566 opperitur
788 482 1197 562 insequentes
1242 500 1456 546 naves.
1548 480 1676 544 iam
1722 480 1919 545 ferme
1965 481 2227 565 triginta
2270 481 2336 545 in
2370 481 2577 547 flonte
2624 488 2810 562 erant,

425 569 654 650 quibus
698 576 768 632 ut
811 573 1116 668 aequaret
1161 567 1414 630 laevum
1462 587 1674 647 corna,
1722 567 2055 632 dolonibus
2104 568 2330 632 erectis
2360 569 2560 631 altum
2607 575 2811 651 petere

423 655 715 735 intendit,
762 654 950 719 iussis
995 653 1104 734 qui
1160 654 1589 734 sequebantur
1649 653 1957 717 adversus
2019 653 2315 718 dextrum
2371 674 2563 718 cornu
2626 673 2812 738 prope
2861 665 2892 733 5ἶ

355 762 388 807 4
425 748 657 806 terram
703 760 919 823 proras
965 739 1273 822 derigere.
1365 739 1686 804 Eumenes
1731 760 1961 823 agmen
2027 740 2331 823 cogebat;
2395 747 2694 820 ceterum,
2753 747 2812 804 ut
2891 746 2892 825 l

424 826 756 892 demendis
802 826 1214 890 armamentis
1259 826 1623 889 tumultuari
1684 827 1955 908 primum
2019 833 2312 909 coeptum
2375 834 2489 907 est,
2555 834 2619 891 et
2663 828 2810 911 ipse,

424 920 664 995 quanta
710 913 987 976 maxime
1035 912 1354 977 celeritate
1400 918 1627 996 potest,
1693 913 1967 976 concitat
2024 933 2243 976 naves.
2337 912 2465 976 iam
2527 914 2811 978 omnibus

357 1020 388 1067 5
426 1001 494 1064 in
541 1005 885 1082 conspectu
931 1005 1129 1063 erant.
1209 998 1374 1062 duae
1421 999 1702 1062 Punicae
1734 1019 1933 1062 naves
1966 998 2436 1063 antecedebant
2467 1001 2811 1064 Romanam

357 1106 387 1153 6
428 1087 717 1165 classem,
767 1085 998 1166 quibus
1043 1085 1272 1148 obviae
1318 1092 1446 1148 tres
1492 1084 1747 1148 fuerunt
1791 1085 2005 1168 regiae
2053 1106 2282 1169 naves3
2349 1093 2431 1165 et,
2485 1092 2555 1149 ut
2600 1086 2666 1149 in
2717 1106 2812 1149 nu·
2844 1094 2882 1141 10

426 1193 598 1237 mero
645 1172 891 1254 impari,
956 1171 1120 1235 duae
1181 1171 1396 1254 regiae
1456 1190 1649 1234 unam
1719 1171 2205 1251 circumsistunt,
2268 1178 2332 1236 et
2396 1171 2667 1255 primum
2738 1172 2810 1235 ab

426 1266 691 1339 utroque
737 1259 931 1322 latere
976 1277 1184 1322 remos
1230 1256 1590 1340 detergunt,
1653 1256 1887 1321 deinde
1946 1257 2406 1321 transcendunt
2467 1258 2700 1322 armati
2759 1264 2814 1322 et

358 1365 385 1411 7
427 1345 690 1410 deiectis
737 1344 1065 1424 caesisque
1126 1343 1701 1428 propugnatoribus
1770 1363 2001 1407 navem
2072 1345 2347 1426 capiunt.
2440 1364 2586 1424 una,
2657 1364 2813 1427 quae

425 1432 564 1514 pari
609 1432 810 1495 Marte
857 1437 1277 1510 concurrerat,
1324 1437 1660 1512 postquam
1708 1436 1960 1514 captam
2021 1431 2285 1494 alteram
2347 1451 2578 1494 navem
2638 1431 2812 1509 vidit,

424 1518 792 1599 priusquam
837 1518 919 1581 ab
965 1516 1168 1580 tribus
1214 1516 1399 1580 simul
1446 1516 2026 1596 circumveniretur,
2073 1524 2238 1580 retro
2284 1515 2368 1580 ad
2416 1518 2690 1581 classem
2735 1527 2887 1580 re-15

356 1625 386 1671 s
427 1602 610 1686 fugit.
704 1603 924 1667 Livius
985 1601 1424 1686 indignatione
1492 1622 1799 1666 accensus
1868 1604 2181 1685 praetoria
2249 1624 2413 1667 nave
2480 1604 2545 1666 in
2607 1603 2815 1668 hostes

425 1689 646 1753 tendit.
739 1688 1046 1753 adversus
1093 1709 1283 1769 quam
1331 1688 1556 1752 eadem
1617 1708 1731 1771 spe
1786 1688 1971 1768 duae,
2036 1710 2199 1770 quae
2261 1690 2566 1753 Punicam
2628 1709 2814 1754 unam

426 1795 657 1840 navem
726 1775 1290 1854 circumvenerant,
1378 1794 1519 1837 cum
1588 1774 1986 1854 inferrentur,
2064 1775 2396 1840 demittere
2471 1795 2684 1841 remos
2755 1777 2812 1839 in

425 1881 657 1961 aquam
703 1862 785 1925 ab
833 1868 1098 1942 utroque
1144 1861 1339 1924 latere
1384 1860 1661 1943 remiges
1706 1861 2125 1925 stabiliendae
2179 1862 2364 1926 navis
2395 1881 2589 1927 causa
2621 1863 2812 1939 iussit,

427 1953 490 2012 et
535 1948 599 2011 in
646 1947 1062 2011 advenientes
1123 1946 1398 2010 hostium
1459 1967 1661 2011 naves
1721 1947 1959 2012 ferreas
2020 1967 2245 2011 manus
2288 1948 2525 2013 inicere
2574 1955 2660 2030 et,
2716 1914 2812 2012 ubi
2841 1957 2888 2004 20

355 2056 385 2102 9
427 2054 709 2117 pugnam
754 2033 1037 2133 pedestri
1083 2033 1352 2098 similem
1398 2032 1720 2113 fecissent,
1769 2035 2132 2098 meminisse
2180 2035 2507 2098 Romanae
2567 2035 2814 2100 virtutis

426 2141 546 2185 nec
592 2141 705 2205 pro
753 2120 905 2185 viris
951 2119 1181 2184 ducere
1228 2119 1406 2202 regia
1451 2120 1786 2203 mancipia.
1881 2119 2051 2184 haud
2098 2120 2285 2204 paulo
2332 2120 2582 2187 facilius
2632 2143 2812 2204 quam

325 2230 388 2276 10
425 2214 576 2271 ante
622 2206 786 2271 duae
830 2227 1043 2287 unam,
1090 2213 1242 2270 tunc
1288 2227 1415 2270 una
1460 2206 1620 2271 duas
1663 2227 1864 2271 naves
1910 2208 2307 2290 expugnavit
2355 2208 2668 2291 cepitque.
2761 2213 2816 2271 et

424 2294 553 2357 iam
601 2293 836 2358 classes
883 2312 1130 2375 quoque
1194 2292 1472 2374 undique
1529 2301 1993 2374 concurrerant,
2058 2300 2120 2357 et
2187 2295 2424 2377 passim
2486 2294 2815 2378 permixtis

632 2572 682 2624 3.
720 2568 1064 2636 insequentis
1110 2569 1270 2621 nauis
1317 2567 1385 2621 B.
1419 2570 1427 2634 Ι
1470 2567 1641 2620 ferme
1679 2568 1749 2636 M,
1796 2570 2004 2635 Aldus;
2056 2568 2172 2621 fere
2219 2571 2333 2625 eod.
2363 2571 2616 2638 plerique
2652 2571 2741 2638 (B)
2776 2575 2818 2622 et

425 2657 505 2709 ed.
532 2657 815 2724 antiquiss,
851 2658 858 2721 Ι
890 2659 922 2708 4
961 2661 1018 2708 et
1054 2659 1101 2710 5.
1141 2656 1311 2707 cornu
1347 2655 1408 2708 B.
1442 2657 1450 2721 1
1484 2659 1531 2708 5.
1559 2654 1813 2708 dextrum
1838 2655 2080 2708 hostium
2105 2671 2274 2708 cornu
2300 2659 2437 2713 coni.
2465 2657 2814 2727 Heusinqer.l

427 2745 474 2796 8.
513 2742 783 2795 maximae
828 2742 927 2808 B?,
975 2742 1212 2794 maxima
1259 2743 1339 2795 ed.
1376 2742 1508 2795 Par.
1547 2746 1700 2795 1510.
1734 2742 1742 2806 Ι
1774 2742 1882 2793 iam
1931 2760 2031 2797 om.
2069 2742 2130 2794 B.
2165 2744 2172 2807 Ι
2205 2743 2462 2796 omnibus
2500 2745 2616 2798 cod.
2645 2744 2730 2811 (B,
2755 2742 2819 2808 M,

424 2830 565 2895 ree),
611 2827 825 2894 Aldus3
873 2842 1061 2880 omnes
1108 2828 1188 2881 ed.
1225 2828 1515 2896 antiquiss.
1546 2829 1815 2895 probante
1861 2829 1973 2882 Iac.
2011 2829 2313 2883 Perizonio.
2348 2831 2357 2893 Ι
2400 2832 2478 2883 12.
2527 2829 2822 2899 detergunt

427 2916 481 2968 M
502 2913 592 2981 s‘?,
643 2915 914 2979 Gelenius,
960 2915 1039 2967 ecl.
1075 2914 1253 2968 Basil.
1288 2917 1426 2966 1535
1472 2930 1536 2967 θα)
1581 2931 1685 2967 usu
1721 2915 1872 2980 Liv.‚·
1916 2913 2238 2983 defringunt
2282 2915 2345 2981 B,
2392 2917 2506 2971 eod.
2532 2933 2635 2973 ree.
2664 2923 2714 2971 et
2748 2916 2819 2970 ecl.

427 3001 712 3069 antiquiss.
747 3001 754 3065 Ι
788 2999 984 3052 deinde
1023 3018 1122 3055 o-m.
1150 2999 1210 3052 B.
1245 3003 1253 3064 Ι
1288 3003 1368 3054 13.
1403 3014 1546 3066 quae
1583 2999 1702 3067 pari
1730 3001 1905 3054 Marte
1929 3002 2008 3054 ed.
2037 3004 2323 3070 antiquiss
2334 3023 2353 3070 ,·
2387 3004 2455 3055 cii
2491 3003 2616 3070 pari
2653 3006 2823 3056 marte

426 3087 472 3139 B
510 3094 559 3141 et
594 3088 709 3142 eod.
736 3103 836 3141 rec.
856 3087 1104 3154 plerique
1141 3088 1366 3154 (Voss),
1403 3087 1793 3141 Drakenborch
1829 3089 1891 3141 in
1928 3089 2074 3155 adn„
2121 3088 2361 3156 compari
2398 3093 2573 3142 marte
2611 3091 2751 3145 Lov.
2774 3092 2822 3153 2,

426 3187 569 3241 quae
615 3172 856 3240 compari
893 3172 1070 3225 Marte
1112 3173 1386 3239 Gelenius,
1424 3173 1504 3226 ed.
1531 3174 1710 3226 Basil.
1737 3177 1892 3241 1535,
1935 3188 2077 3242 quae
2114 3174 2289 3227 Marte
2333 3189 2511 3241 aequo
2556 3178 2639 3230 vel
2685 3188 2823 3244 quae

427 3275 551 3312 cum
595 3259 714 3327 pari
758 3259 934 3312 Marte
981 3273 1160 3324 aequo
1206 3261 1346 3324 coni.
1383 3261 1465 3313 M.
1492 3261 1725 3313 Mueller
1767 3263 1948 3329 praef.
1977 3278 2035 3328 p.
2066 3262 2127 3328 V,
2164 3262 2258 3315 sed
2303 3265 2373 3327 cf.
2409 3263 2486 3315 H.
2514 3263 2561 3315 I.
2588 3263 2824 3317 Mueller

427 3364 555 3401 ann.
581 3347 762 3400 Berol.
788 3350 926 3399 1891
967 3364 1024 3414 p.
1053 3349 1170 3399 167.
1204 3346 1213 3411 Ι
1248 3348 1328 3400 14.
1366 3351 1715 3399 concurreret
1762 3348 1839 3400 ed.
1870 3347 2074 3410 Parni,
2120 3348 2508 3403 Drakenborch
2545 3349 2608 3401 in
2655 3350 2784 3403 adm.
2813 3347 2820 3416 1

429 3434 511 3487 15.
548 3431 621 3485 ad
666 3431 846 3484 tribus
890 3431 953 3484 B.
987 3435 994 3498 Ι
1030 3435 1109 3487 17.
1157 3447 1321 3499 quam
1366 3434 1446 3486 ed.
1478 3435 1785 3501 Ven.1495,
1832 3433 1965 3486 Par.
2002 3438 2167 3500 1510,·
2210 3435 2321 3500 que
2366 3435 2480 3489 eod.
2516 3434 2603 3500 (B)
2652 3442 2705 3489 et
2749 3435 2823 3488 ecl.

426 3525 521 3574 vet.
556 3521 564 3584 Ι
596 3521 678 3573 20.
717 3517 1065 3571 aduenientis
1100 3517 1164 3570 B.
1198 3522 1206 3583 Ι
1237 3521 1320 3572 21.
1358 3517 1626 3571 fecissent
1659 3518 1722 3584 B,
1764 3519 1810 3571 I.
1837 3519 1905 3572 F.
1938 3519 2246 3574 Gronovius
2256 3540 2274 3586 ;
2310 3518 2538 3572 fecisset
2573 3522 2696 3576 eod.
2723 3537 2821 3575 ree.

427 3611 476 3660 et
511 3606 590 3659 ecl.
617 3610 713 3659 vet.
748 3607 755 3668 Ι
788 3606 870 3658 23.
910 3618 1076 3656 unam
1121 3621 1221 3658 om.
1258 3604 1304 3657 B
1341 3612 1391 3659 et
1437 3607 1688 3661 nonnull.
1716 3605 1829 3659 eod.
1857 3622 1958 3659 rec.
1986 3605 2013 3670 (
2017 3605 2161 3659 Voss.
2162 3607 2205 3670 ).
2239 3608 2246 3669 Ι
2279 3607 2361 3660 24.
2400 3620 2625 3674 quoque
2675 3606 2828 3659 undi-

427 3706 535 3758 que
577 3691 836 3745 Gelenius
869 3689 979 3756 (M‘?
1013 3688 1134 3756 S?);
1180 3689 1425 3759 undique
1464 3704 1685 3759 quoque
1723 3692 1837 3745 eod.
1868 3692 2115 3759 plerique
2151 3692 2251 3760 (B,
2299 3693 2433 3747 Lov.
2457 3693 2532 3759 2),
2578 3693 2829 3760 undique

428 3782 462 3831 3
498 3778 612 3832 eod.
638 3793 737 3831 rec.
766 3777 995 3843 (Voss),
1031 3775 1402 3845 undequaque
1439 3779 1518 3830 ecl.
1547 3778 1832 3845 antiquiss.
1867 3779 1875 3842 1
