2925 4278
370 125 494 189 174
886 141 1110 194 LIBER
1144 139 1473 194 XXXVIII.
1512 139 1676 194 OAP.
1703 143 1788 195 48.
1827 140 1898 208 [a.
1926 138 1991 193 U.
2018 155 2062 193 c.
2089 139 2231 207 567}

295 335 327 383 5
364 337 467 394 an,
516 314 638 378 nisi
684 313 1004 399 praesidia
1048 313 1421 379 deduxisset
1466 312 1835 394 Antiochus,
1883 333 2045 396 quae
2093 313 2307 396 quieta
2342 314 2408 377 in
2441 314 2570 379 suis
2601 314 2779 378 arci-

366 403 485 466 bus
532 409 729 482 erant,
778 421 905 465 non
949 401 1253 485 putaretis
1298 400 1628 465 liberatam
1674 401 1921 465 Asiam:
1973 401 2027 464 si
2073 400 2391 465 Gallorum
2438 401 2779 466 exereitus

368 489 550 553 effusi
595 495 996 571 vagarentur,
1051 494 1190 551 rata
1233 487 1401 551 dona
1445 495 1674 567 vestra,
1732 507 1894 568 quae
1946 486 2228 567 dedistis,
2282 487 2417 570 regi
2461 488 2775 568 Eumeni,

295 597 330 644 6
367 580 507 640 rata
535 575 793 639 libertas
826 574 1185 638 civitatibus
1218 575 1428 639 esset?
1477 574 1588 638 sed
1631 574 1780 656 quid
1828 594 1946 656 ego
1991 574 2150 638 haec
2195 574 2285 637 ita
2329 582 2775 658 argumentor,

299 684 326 729 7
367 669 688 742 tamquam
726 681 852 726 non
898 661 1270 745 acceperim,
1318 660 1431 725 sed
1461 660 1720 725 fecerim
1750 660 1965 725 hostes
1997 661 2255 726 Gallos?
2301 666 2384 741 te,
2417 663 2486 726 L.
2522 662 2773 745 Scipio,
2851 674 2879 721 5

366 749 636 833 appello,
692 749 869 812 cuius
921 768 1041 831 ego
1095 747 1267 825 mihi,
1324 747 1670 812 succedens
1722 747 1789 811 in
1842 748 2044 812 vicem
2098 748 2348 832 imperii
2398 748 2508 828 tui,
2565 748 2775 813 virtu-

366 842 494 900 tem
540 834 1031 916 felicitatemque
1078 834 1314 917 pariter
1357 855 1483 898 non
1539 835 1770 898 frustra
1816 836 1897 899 ab
1945 834 2067 898 diis
2118 834 2576 900 immortalibus
2626 856 2774 918 pre-

369 928 545 986 catus
591 942 748 1002 sum,
794 928 877 1002 te,
933 922 1023 999 P„
1051 921 1286 1005 Scipio,
1341 922 1448 1004 qui
1501 922 1696 1004 legati
1748 922 1865 1002 ius,
1922 922 2198 1004 collegae
2248 922 2652 987 maiestatem
2701 928 2771 986 et

277 1030 331 1076 ’8
369 1007 540 1093 apud
583 1007 841 1073 fratrem
888 1008 1211 1073 consulem
1261 1013 1325 1073 01
1369 1007 1541 1091 apud
1596 1009 1941 1072 exercitum
1993 1007 2290 1089 habuisti,
2346 1008 2650 1073 sciatisne
2697 1009 2768 1072 in

371 1094 651 1160 exercitu
697 1093 992 1159 Antiochi
1040 1094 1360 1160 Gallorum
1405 1095 1687 1178 legiones
1741 1095 1954 1175 fuisse,
2002 1093 2288 1159 videritis
2332 1094 2400 1159 in
2444 1095 2581 1159 acie
2632 1115 2769 1175 eos,
2815 1102 2897 1162 10'

367 1182 434 1246 in
482 1202 674 1246 cornu
727 1188 992 1263 utroque
1038 1218 1120 1227 —-
1166 1181 1233 1245 id
1287 1181 1455 1245 enim
1510 1182 1751 1247 roboris
1804 1201 1944 1246 esse
1990 1180 2324 1246 videbatur
2368 1220 2454 1228 —
2497 1182 2768 1264 locatos,

368 1268 803 1353 pugnaveritis
847 1275 917 1332 ut
963 1289 1104 1332 cum
1150 1267 1436 1333 hostibus
1483 1268 1683 1348 iustis,
1732 1267 2103 1348 cecideritis,
2152 1269 2351 1351 spolia
2384 1288 2597 1333 eorum
2647 1276 2770 1332 ret-

300 1377 330 1424 9
367 1355 649 1420 1111011110.
727 1355 902 1436 atqui
950 1375 1091 1418 cum
1135 1354 1469 1435 AntiochO,
1517 1375 1645 1419 non
1691 1374 1831 1418 cum
1878 1354 2074 1419 Gallis
2120 1354 2351 1419 bellum
2398 1361 2461 1420 et
2499 1362 2770 1420 senatus

370 1441 737 1507 decreverat
790 1449 853 1506 et
904 1442 1173 1526 populus
1226 1441 1509 1506 iusserat.
1605 1439 1718 1505 sed
1771 1441 1976 1521 simul,
2030 1447 2099 1504 ut
2153 1441 2392 1524 opinor,
2455 1462 2598 1505 cum
2662 1441 2769 1507 his

269 1552 333 1598 10
372 1528 783 1593 decreverant
840 1528 1297 1609 iusserantque,
1364 1529 1469 1610 qui
1530 1528 1695 1591 intra
1755 1526 2074 1611 praesidia
2126 1528 2261 1592 eius
2315 1528 2613 1613 fuissent3
2681 1549 2765 1593 ex
2809 1548 2897 1594 15¹

374 1615 600 1697 quibus
645 1622 894 1697 praeter
936 1615 1337 1695 Antiochum,
1387 1636 1530 1679 cum
1580 1634 1702 1697 quo
1755 1634 1978 1698 pacem
2030 1615 2360 1698 pepigerat
2412 1614 2645 1698 ScipiO,
2705 1622 2768 1680 et
2896 1604 2897 1677 Ῐ

374 1721 516 1765 011111
564 1721 686 1783 quo
732 1702 1102 1765 nominatim
1148 1700 1373 1766 foedus
1417 1709 1489 1765 ut
1526 1701 1704 1766 fieret
1751 1700 2238 1776 mandaveratis,
2285 1721 2503 1766 omnes
2548 1701 2768 1768 hostes
2896 1706 2897 1721 ¹

273 1811 333 1858 11
376 1795 572 1867 erant,
636 1788 743 1869 qui
802 1807 914 1871 pro
974 1788 1286 1853 Antiocho
1347 1808 1526 1851 arma
1585 1787 1888 1852 adversus
1948 1807 2064 1852 nos
2123 1788 2416 1852 tulerunt.
2509 1788 2574 1852 in
2640 1809 2768 1872 qua

376 1894 568 1938 causa
620 1894 763 1938 cum
818 1874 982 1939 Galli
1033 1880 1181 1938 ante
1235 1894 1455 1940 omnes
1517 1875 1785 1939 fuissent
1845 1881 1907 1938 et
1962 1874 2162 1957 reguli
2226 1874 2483 1956 quidam
2544 1881 2608 1939 et
2668 1884 2761 1958 ty-

373 1961 575 2041 ranni,
624 1981 742 2044 ego
789 1968 1003 2025 tamen
1059 1968 1295 2025 01011111
1340 1961 1502 2041 aliis,
1558 1981 1669 2045 pro
1703 1960 2011 2044 dignitate
2056 1961 2303 2045 imperii
2348 1962 2544 2026 vestri
2589 1981 2757 2025 coac-
2793 1980 2856 2026 20

375 2048 457 2111 tis
516 2048 687 2112 luere
745 2054 1009 2132 peccata
1068 2067 1210 2128 sua,
1273 2068 1497 2131 pacem
1557 2048 1801 2131 pepigi,
1863 2054 1927 2110 et
1980 2046 2302 2112 Gallorum
2363 2048 2635 2128 animos,
2702 2046 2756 2111 si

276 2155 338 2206 12
377 2141 636 2219 possent
681 2135 956 2218 mitigari
1002 2155 1041 2198 a
1086 2134 1335 2201 feritate
1381 2134 1591 2215 insita,
1639 2134 1947 2219 temptavi
1994 2141 2076 2215 et,
2125 2143 2457 2218 postquam
2503 2133 2760 2200 indomi-

376 2230 475 2286 tos
528 2228 718 2304 atque
778 2222 1213 2306 implacabiles
1274 2224 1633 2301 cernebam,
1696 2229 1830 2285 tum
1890 2220 2142 2285 demum
2203 2222 2268 2284 vi
2328 2230 2519 2304 atque
2572 2223 2765 2286 armis

276 2333 339 2379 13
379 2309 758 2374 coercendos
810 2315 983 2374 ratus
1036 2329 1193 2373 sum.
1285 2329 1474 2390 nunc,
1536 2308 1834 2391 quoniam
1888 2309 2164 2391 suscepti
2226 2309 2376 2373 belli
2429 2315 2765 2392 purgatum

379 2401 474 2460 est
518 2395 773 2475 crimen,
821 2396 984 2479 gesti
1030 2395 1357 2460 reddenda
1402 2401 1499 2460 est
1544 2396 1720 2460 ratio.
1768 2395 1834 2458 in
1875 2415 1996 2477 quo
2043 2394 2424 2460 confiderem
2472 2393 2769 2476 equidem
2803 2415 2863 2462 25

379 2501 605 2546 causae
651 2502 850 2562 111030,
905 2482 1096 2546 0113111
1150 2482 1203 2546 01
1257 2503 1386 2547 11011
1438 2480 1610 2582 apud
1659 2482 2015 2546 Romanum
2062 2481 2175 2546 sed
2228 2481 2399 2566 apud
2447 2480 2767 2566 Carthagi-

382 2568 668 2633 niensem
715 2575 1002 2633 senatum
1048 2588 1324 2652 agerem,
1371 2568 1481 2632 ubi
1527 2569 1593 2632 in
1628 2587 1877 2632 crucem
1922 2569 2056 2632 tolli
2099 2569 2509 2651 imperatores
2555 2568 2767 2633 dicun-

282 2680 346 2726 14
384 2660 501 2735 tur,
558 2654 612 2718 si
657 2674 953 2754 prospero
1010 2661 1263 2736 eventu,
1318 2675 1515 2738 pravo
1568 2654 1828 2719 consilio
1880 2675 2012 2719 rem
2065 2660 2425 2738 gesserunt3
2481 2653 2596 2719 sed
2649 2676 2766 2739 ego

383 2741 449 2804 in
497 2760 574 2804 ea
619 2741 892 2821 civitate,
942 2761 1104 2823 quae
1149 2741 1293 2807 ideo
1338 2741 1630 2806 omnibus
1674 2742 1864 2805 rebus
1916 2741 2295 2824 incipiendis
2347 2740 2764 2824 gerendisque

384 2826 536 2891 deos
587 2825 867 2909 adhibet,
922 2828 1070 2909 quia
1121 2827 1353 2893 nullius
1407 2827 1763 2892 calumniae
1817 2828 2047 2892 subicit
2100 2848 2193 2909 ea,
2251 2848 2413 2910 quae
2468 2828 2556 2892 dii
2609 2849 2763 2893 com-
2798 2849 2864 2896 30

383 2914 827 2997 probaverunt,
875 2920 937 2978 et
981 2915 1046 2978 in
1088 2914 1497 2979 sollemnibus
1542 2915 1754 2979 verbis
1799 2913 2011 2995 habet,
2060 2933 2201 2978 cum
2248 2914 2762 2998 supplicationem

283 3024 347 3072 15
382 3005 493 3063 aut
544 2999 930 3083 triumphum
983 3000 1283 3081 decernit,
1344 3000 1553 3087 „quod
1605 3002 1768 3066 bene
1819 3021 1896 3064 ac
1946 3000 2214 3065 feliciter
2265 3021 2397 3065 rem
2451 3001 2765 3085 publicam

383 3085 898 3168 administrarit“,
945 3088 998 3153 si
1043 3088 1293 3168 nollem,
1341 3088 1395 3153 si
1439 3107 1635 3171 grave
1680 3107 1754 3151 ac
1798 3089 2138 3171 superbum
2184 3087 2617 3152 existimarem
2654 3089 2765 3153 vir

596 3282 639 3334 1.
666 3277 886 3332 arcibus
915 3279 1096 3333 Gelan.
1123 3277 1269 3344 (MP),
1306 3278 1386 3331 ed.
1412 3278 1592 3332 Basil.
1620 3281 1757 3331 1535
1764 3298 1783 3345 ;
1815 3276 2067 3344 partibus
2105 3278 2217 3333 cod.
2244 3295 2344 3333 ree.
2372 3285 2423 3332 et
2457 3278 2536 3333 ed.
2555 3281 2726 3348 prior.
2754 3278 2761 3347 Ι

386 3368 433 3420 6.
472 3363 604 3418 1111111
641 3384 743 3421 om.
769 3367 903 3420 Lov.
930 3369 982 3432 2,
1020 3365 1182 3418 Harl.
1218 3366 1226 3429 Ι
1258 3366 1305 3418 9.
1352 3363 1613 3416 sciatisne
1660 3364 1728 3431 M,
1773 3365 1908 3419 Lov.
1932 3369 1984 3431 2,
2030 3365 2109 3418 ed.
2137 3366 2315 3419 Basil.
2340 3368 2505 3434 1535,·
2552 3365 2762 3419 scitisne

386 3451 499 3506 eod.
535 3469 634 3506 ree.
663 3453 909 3520 plerique
945 3457 992 3505 et
1028 3452 1108 3504 ed.
1127 3452 1321 3519 prior„
1360 3449 1569 3502 satisne
1603 3452 1849 3504 nonnull.
1878 3452 1990 3505 eod.
2016 3468 2116 3505 ree.
2151 3451 2159 3516 Ι
2194 3452 2274 3505 13.
2314 3465 2439 3503 cum
2476 3450 2761 3518 Antiocho,

385 3552 494 3592 non
530 3552 654 3590 cum
680 3537 854 3592 Gallis
890 3538 961 3605 M,
999 3538 1207 3603 Aldu33
1242 3552 1366 3589 cum
1389 3536 1555 3604 gallis
1581 3538 1695 3592 eod.
1720 3555 1819 3592 ree.
1849 3539 2095 3607 plerique
2131 3544 2180 3590 et
2215 3539 2293 3591 ed.
2322 3539 2626 3607 antiquiss„
2650 3554 2761 3592 011111

387 3623 647 3677 3111100110
677 3626 847 3693 pauci
884 3626 996 3680 eod.
1024 3641 1124 3680 ree.
1160 3628 1166 3686 Ι
1200 3628 1256 3676 01
1292 3628 1520 3676 senatus
1565 3625 1678 3679 eod.
1714 3641 1814 3678 ree.
1861 3631 1910 3678 et
1956 3626 2034 3678 ed.
2070 3626 2387 3692 antiquiss-‚5
2432 3628 2657 3678 senatus
2698 3624 2760 3692 Μ,

388 3711 573 3774 Hertz,
610 3709 695 3763 his
732 3713 960 3763 senatus
989 3712 1187 3776 Gelen„
1213 3711 1291 3764 ed.
1318 3711 1496 3765 Basil.
1524 3713 1676 3764 1535.
1710 3713 1719 3776 Ι
1749 3713 1833 3766 28.
1861 3710 1959 3763 sed
1996 3709 2044 3764 si
2070 3725 2178 3778 ego
2201 3715 2237 3764 2
2261 3712 2376 3766 eod.
2402 3727 2522 3779 ree„
2545 3711 2757 3780 Aldus!

388 3798 472 3851 30.
508 3795 693 3851 nullus
727 3796 783 3849 M
819 3803 867 3851 et
902 3800 938 3851 2
974 3797 1087 3852 eod.
1112 3814 1213 3853 ree.
1246 3800 1254 3863 1
