2925 4278
404 85 530 149 100
900 145 904 148 .
940 104 1166 157 LIBER
1202 103 1500 157 XXXVII.
1540 102 1706 157 CAP.
1743 106 1827 159 45.
1869 104 1934 172 [a.
1962 103 2026 157 U.
2054 119 2099 156 o.
2127 104 2263 171 564].

402 299 678 360 nemque
745 271 959 363 populi
1015 279 1285 344 Romani
1353 299 1494 344 sese
1553 279 1906 344 tradebant.
2000 278 2307 344 Sardibus
2373 278 2499 341 iam
2567 278 2763 342 consul

401 373 567 448 erat;
618 386 692 431 eo
739 373 801 431 et
847 368 913 430 P.
951 368 1170 451 Scipio
1209 367 1290 431 ab
1336 367 1550 447 Elaea,
1599 387 1740 431 cum
1786 368 2058 450 primum
2104 367 2238 450 pati
2299 365 2577 429 laborem
2637 364 2764 428 viae

398 418 620 536 potuit,
669 454 861 517 venit.

251 538 266 549 ‘
330 556 365 603 4
608 540 739 606 Sub
786 540 955 604 idem
1001 539 1135 603 fere
1180 546 1429 622 tempus
1477 538 1853 604 caduceator
1897 541 1977 604 ab
2024 538 2339 603 Antiocho
2393 557 2503 622 per
2557 540 2625 602 P.
2658 537 2767 602 Sci—

399 626 652 710 pionem
698 647 738 689 a
784 627 1038 691 consule
1085 627 1243 709 petit
1288 627 1794 710 impetravitque,
1843 635 1910 690 ut
1955 632 2232 690 oratores
2278 626 2525 690 mittere
2571 626 2768 689 liceret
2819 637 2840 681 5

333 728 363 777 5
401 713 551 794 regi.
647 732 883 796 paucos
928 721 1070 795 post
1117 713 1252 777 dies
1298 714 1553 792 Zeuxis,
1603 713 1710 794 qui
1757 712 2115 797 praefectus
2162 712 2407 793 Lydiae
2450 712 2674 786 fuerat,
2715 719 2767 774 et

332 818 362 861 6
400 801 751 882 Antipater,
801 800 1011 863 fratris
1057 800 1241 879 filius,
1289 808 1618 864 venerunt.
1711 801 1883 884 prius
1916 800 2199 864 Eumene
2232 807 2562 877 convento,
2598 818 2766 880 quem

399 894 655 970 propter
720 894 937 949 vetera
999 887 1344 950 certamina
1403 907 1699 951 aversum
1776 887 2052 950 maxime
2113 907 2154 949 a
2214 907 2372 969 pace
2440 885 2768 949 credebant

400 993 557 1053 esse,
609 981 670 1036 et
716 973 1057 1056 placatiore
1105 993 1178 1037 eo
1226 982 1288 1037 et
1344 994 1458 1037 sua
1506 981 1568 1037 et
1612 973 1780 1055 regis
1845 994 1958 1057 spe
2020 973 2300 1054 invento,
2361 980 2494 1036 tum
2557 974 2623 1036 P.
2658 971 2766 1036 Sci·

334 1076 361 1122 7
400 1059 651 1142 pionem
700 1066 762 1123 et
807 1080 920 1143 per
965 1079 1109 1123 eum
1143 1061 1459 1123 consulem
1493 1059 1816 1144 adierunt3
1873 1061 2284 1144 praebitoque
2315 1060 2392 1123 iis
2423 1059 2768 1142 petentibus
2799 1068 2839 1114 10
2870 1114 2871 1117 ,

398 1145 713 1227 frequenti
763 1146 1021 1210 consilio
1068 1146 1149 1210 ad
1197 1146 1499 1210 mandata
1544 1146 1810 1226 edenda,
1863 1167 2026 1230 „non
2075 1154 2224 1225 tam,
2259 1144 2411 1228 quid
2454 1146 2580 1230 ipsi
2627 1144 2769 1208 dica-

398 1254 556 1312 muS,
599 1233 942 1297 habenius“
994 1233 1197 1315 inquit
1242 1235 1478 1298 Zeuxis
1529 1254 1777 1316 „quam,
1825 1241 1894 1296 ut
1938 1254 1977 1296 a
2021 1233 2203 1298 vobis
2249 1252 2646 1314 quaeramus,
2678 1230 2769 1293 ad·
2870 1272 2871 1281 .

402 1342 645 1399 sumne,
692 1321 982 1399 Romani,
1032 1340 1154 1401 quo
1209 1321 1457 1403 piaculo
1505 1321 1763 1403 expiare
1825 1340 2097 1384 errorem
2159 1320 2346 1402 regis,
2407 1339 2631 1403 pacem
2686 1336 2768 1380 ve·

331 1423 362 1470 8
402 1407 698 1488 uiamque
743 1407 1079 1489 impetrare
1126 1427 1165 1469 a
1197 1408 1539 1472 victoribus
1570 1407 1899 1490 possimus.
1986 1407 2263 1470 maximo
2296 1426 2549 1489 semper
2577 1405 2767 1468 animo

401 1492 586 1557 victis
631 1493 889 1574 regibus
933 1495 1307 1577 populisque
1354 1494 1720 1577 ignovistis3
1770 1501 2003 1574 quanto
2049 1492 2116 1557 id
2161 1494 2396 1556 maiore
2458 1501 2524 1556 et
2586 1492 2839 1576 placa-15

402 1579 558 1642 tiore
604 1580 815 1642 animo
863 1579 1046 1643 decet
1093 1601 1205 1645 vos
1252 1581 1458 1644 facere
1506 1581 1571 1665 in
1618 1580 1738 1644 hac
1783 1581 2064 1658 victoria,
2113 1600 2276 1661 quae
2331 1599 2447 1643 vos
2507 1578 2770 1644 dominos

333 1666 572 1730 oorbis
618 1673 919 1729 terrarum
968 1666 1169 1730 fecit}>
1215 1667 1434 1750 positis
1481 1668 1605 1730 iam
1654 1667 1961 1731 adversus
2008 1686 2227 1730 omnes
2272 1666 2572 1730 mortales
2605 1671 2771 1728 certa-

402 1752 679 1816 minibus
726 1752 896 1816 haud
943 1773 1124 1817 secus
1170 1773 1357 1833 quam
1405 1752 1558 1818 deos
1605 1755 1929 1818 consulere
1976 1760 2039 1816 et
2086 1772 2341 1835 parcere
2405 1773 2525 1817 vos
2577 1748 2769 1836 generi

304 1858 365 1902 10
402 1839 679 1902 humano
725 1846 984 1922 opor.tet
998 1840 1027 1871 “
1119 1840 1246 1903 iam
1293 1848 1632 1920 antequam
1680 1840 1873 1923 legati
1920 1840 2230 1917 venirent,
2280 1838 2605 1903 decretum
2638 1842 2765 1913 erat,

301 1944 362 1990 11
406 1925 555 2007 quid
601 1925 1104 2009 responderetur.
1196 1926 1582 2010 respondere
1629 1927 1997 1991 Africanum
2045 1892 2299 2009 placuit.
2393 1925 2448 1989 is
2510 1926 2576 1989 in
2624 1925 2763 1988 hunc
2790 1933 2837 1979 20

335 2011 657 2082 modum
719 2012 963 2076 locutus
1025 2012 1237 2076 fertur.
1337 2014 1641 2085 ..Romani
1705 2034 1783 2077 ex
1831 2014 1927 2093 iis,
1977 2033 2139 2094 quae
2185 2013 2250 2075 in
2307 2011 2497 2076 deum
2548 2013 2761 2075 immor-

303 2119 365 2165 12
406 2100 622 2163 talium
670 2105 983 2183 potestate
1030 2107 1228 2180 erant,
1276 2119 1352 2164 ea
1398 2099 1726 2180 habemUS,
1777 2121 1939 2181 quae
1987 2099 2073 2164 dii
2123 2099 2464 2182 dederunt3
2525 2099 2758 2172 animosi,

404 2187 509 2268 qui
552 2196 804 2251 nostrae
848 2188 1079 2251 mentis
1134 2197 1297 2266 sunt,
1360 2187 1612 2251 eosdem
1659 2189 1723 2250 in
1773 2189 1940 2251 omni
1988 2187 2237 2250 fortuna
2282 2186 2598 2270 gessimus
2640 2182 2768 2268 geri·

403 2294 687 2374 musque,
714 2294 921 2354 neque
948 2294 1055 2338 eos
1081 2240 1393 2337 secundae
1419 2295 1520 2338 res
1552 2275 1910 2337 extulerunt
1935 2294 2052 2338 nec
2077 2273 2383 2337 adversae
2409 2274 2766 2336 minuerunt.

405 2361 538 2424 eius
570 2362 680 2440 rei,
707 2368 776 2424 ut
808 2361 964 2425 alios
990 2362 1290 2438 omittam,
1319 2362 1742 2424 Hannibalem
1780 2369 2056 2424 vestrum
2084 2360 2266 2424 vobis
2297 2366 2524 2423 testem
2558 2359 2769 2432 darem,
2795 2366 2837 2411 25

304 2466 367 2512 13
406 2447 526 2510 nisi
573 2467 687 2511 vos
732 2448 903 2530 ipsos
949 2447 1099 2510 dare
1146 2467 1413 2547 possem
1509 2455 1838 2547 postquam
1885 2447 2245 2511 traiecimus
2287 2446 2771 2529 Hellespontum,

406 2534 774 2616 priusquam
823 2542 1029 2597 castra
1072 2534 1269 2616 regia,
1318 2535 1679 2617 priusquam
1735 2534 1936 2597 aciem
1999 2534 2377 2612 videremuS,
2440 2553 2586 2596 cum
2632 2549 2771 2595 com-

611 2712 660 2759 4.
699 2706 756 2758 P.
787 2705 856 2772 M,
895 2708 1175 2774 Moyunt.;
1219 2725 1318 2760 om.
1350 2710 1436 2760 rel.
1470 2708 1581 2761 eod.
1609 2706 1697 2774 (B)
1745 2713 1791 2759 et
1837 2708 1913 2759 ecl.
1942 2709 2117 2774 prior.
2152 2709 2159 2772 Ι
2193 2710 2241 2761 5.
2279 2705 2441 2773 petiit
2494 2707 2577 2759 ed.
2615 2701 2772 2758 Basil-

404 2798 554 2846 1531.
590 2797 597 2856 Ι
630 2796 677 2847 6.
726 2793 919 2844 xeuxis
965 2792 1026 2844 B.
1061 2794 1068 2859 1
1104 2792 1312 2860 Lydiae
1360 2801 1477 2845 erat.
1514 2793 1574 2861 B,
1615 2793 1826 2861 Lydiae
1871 2797 1987 2845 tum
2035 2798 2155 2846 erat
2198 2795 2332 2847 Lov.
2360 2799 2407 2847 6.
2442 2796 2448 2857 1
2482 2796 2530 2847 7.
2570 2793 2642 2846 ad
2685 2787 2776 2841 fra-

406 2881 508 2932 tris'
542 2879 686 2932 filius
722 2882 1098 2934 Weissenborn
1132 2882 1493 2948 supplendum
1539 2888 1708 2934 censet
1753 2881 1914 2947 regis,
1949 2882 1955 2946 Ι
1990 2880 2139 2946 prius
2185 2883 2297 2935 eod.
2331 2882 2574 2948 plerique
2620 2878 2700 2945 (B)
2735 2879 2777 2927 et
2870 2939 2871 2956 χ

405 2969 481 3021 ed.
521 2969 838 3036 antiquiss.;
881 2966 937 3019 hi
984 2968 1132 3032 prius
1178 2968 1255 3019 ed.
1292 2968 1469 3020 Basil.
1509 2973 1662 3033 1535,
1705 2966 1753 3020 is
1800 2968 1950 3035 prius
1996 2968 2064 3020 M.
2099 2969 2106 3032 Ι
2140 2970 2186 3022 8.
2225 2966 2526 3020 certamina
2571 2976 2776 3019 uersum

404 3054 466 3107 B.
501 3056 507 3120 Ι
540 3057 586 3108 9.
627 3060 683 3107 et
720 3070 821 3107 sua
846 3055 915 3114 M.
942 3055 1150 3119 Aldus;
1186 3068 1289 3105 sua
1327 3057 1416 3107 rel.
1435 3057 1557 3108 eod.
1586 3054 1673 3120 (B)
1699 3062 1745 3108 et
1783 3056 1860 3108 ed.
1879 3057 2054 3123 prior.
2089 3056 2097 3119 Ι
2133 3059 2211 3109 11.
2238 3060 2502 3122 nontam,
2528 3051 2661 3122 quid
2685 3046 2777 3117 ipsi
2870 3085 2871 3088 κ

407 3140 668 3210 dicamus,
707 3140 975 3194 habemus
1013 3141 1084 3207 M,
1121 3143 1390 3209 Moyunt„
1428 3143 1676 3208 Madm'q,
1715 3143 1790 3194 H.
1819 3143 1863 3194 Ι.
1901 3143 2156 3208 Mueller;
2200 3156 2310 3193 non
2346 3145 2457 3192 tam
2505 3138 2637 3208 quid
2679 3133 2775 3203 ipsi
2870 3127 2871 3162 ⁴

407 3228 656 3282 dicamus
692 3231 783 3282 rel.
813 3230 927 3283 cod.
954 3226 1040 3293 (B)
1076 3235 1125 3281 et
1160 3229 1240 3281 ed.
1259 3230 1453 3296 prior„
1493 3233 1599 3279 non
1639 3235 1750 3279 tam
1788 3226 2073 3295 habemus,
2099 3226 2229 3294 quid
2268 3226 2515 3279 dicamus
2540 3226 2774 3280 Draken-

408 3318 566 3370 borch
604 3318 665 3368 in
702 3317 847 3380 adn„
892 3330 1002 3366 non
1048 3321 1176 3380 tam,
1224 3313 1355 3382 quid
1401 3314 1503 3379 ipsi
1555 3314 1818 3380 dicamus,
1864 3313 2179 3367 mandatum
2224 3313 2493 3366 habemus
2528 3314 2774 3367 Weissen-

408 3403 543 3456 born
568 3404 628 3454 in
652 3403 780 3454 adn.
804 3403 1047 3469 W'eiclm„
1073 3415 1180 3453 non
1209 3405 1336 3465 tam,
1365 3399 1499 3467 quid
1531 3400 1634 3467 ipsi
1662 3400 1921 3466 dicamus,
1949 3399 2218 3453 habentes
2242 3400 2491 3453 venimus
2515 3400 2595 3453 M.
2617 3395 2773 3451 Muel-

408 3489 495 3540 ler.
531 3492 537 3550 Ι
575 3491 653 3540 12.
692 3503 870 3553 quam,
918 3493 980 3538 ut
1026 3505 1057 3539 a
1104 3487 1263 3540 vobis
1308 3503 1651 3554 quaeramus,
1700 3486 1959 3539 adsumus
2008 3489 2081 3540 H.
2111 3490 2156 3540 Ι.
2186 3489 2418 3540 Mueller
2454 3504 2578 3540 ann.
2604 3481 2770 3537 Berol.

406 3579 541 3626 1891
592 3591 649 3642 p.
687 3579 816 3640 169;
869 3589 1048 3639 quam,
1095 3582 1158 3625 ut
1202 3591 1235 3625 a
1280 3572 1441 3625 vobis
1488 3589 1817 3641 quaeramus
1873 3575 1986 3628 cod.
2025 3581 2073 3627 et
2121 3575 2198 3627 ed.
2234 3581 2349 3640 vet„
2387 3568 2771 3629 Drakenborch,

416 3662 804 3724 Weissenborn,
845 3663 925 3713 M.
952 3663 1198 3725 Mueller,
1236 3676 1395 3727 quam
1435 3677 1468 3712 a
1506 3660 1665 3713 vobis
1704 3660 2018 3728 quaerimus
2056 3662 2287 3730 Mad-viy
2324 3662 2446 3714 Em.
2468 3661 2534 3713 L.
2552 3676 2610 3727 p.
2630 3649 2767 3716 5331

411 3749 489 3800 14.
527 3747 707 3798 animo
746 3766 846 3801 om.
875 3747 933 3799 B.
970 3751 976 3812 Ι
1010 3750 1092 3801 20.
1130 3737 1273 3814 quod
1315 3748 1739 3813 responderetur
1774 3747 1834 3800 B.
1870 3752 1877 3815 Ι
1911 3751 1992 3802 21.
2032 3763 2099 3800 ex
2137 3747 2221 3799 his
2255 3747 2316 3799 B.
2352 3754 2359 3811 Ι
2390 3742 2640 3799 mortalis}
2677 3740 2730 3791 B.
2759 3733 2766 3803 l
