2925 4278
367 110 491 173 142
832 128 1056 180 LIBER
1093 126 1420 180 XXXVIII.
1460 126 1626 182 CAP.
1657 130 1738 183 19.
1763 131 1845 183 20.
1887 128 1954 196 [a.
1982 127 2047 181 U.
2073 142 2117 180 c.
2147 126 2284 194 565}

295 323 325 369 5
362 305 618 369 laturos
710 309 771 367 et
819 324 960 367 cum
1005 303 1147 386 ipsa
1191 301 1456 366 altitudo
1501 302 1780 367 locorum
1826 322 1934 366 eos
1979 307 2303 382 tutaretur,
2337 301 2573 366 fossam
2611 322 2763 384 quo-

362 410 483 473 que
530 396 593 454 et
651 389 778 453 alia
835 389 1229 453 munimenta
1287 389 1631 454 verticibus
1693 388 1790 469 iis,
1854 408 2010 471 quos
2055 387 2442 468 insederant,
2500 389 2762 453 circum-

293 496 324 543 6
361 477 584 542 iecere.
676 476 938 539 minima
982 481 1326 559 apparatus
1370 475 1703 541 missilium
1748 477 2015 539 telorum
2046 495 2196 539 cura
2226 474 2364 553 fuit,
2399 472 2566 557 quod
2599 495 2765 540 saxa

361 564 605 628 affatim
652 563 1079 647 praebituram
1125 562 1534 646 asperitatem
1578 562 1784 646 ipsam
1828 562 2103 626 locorum
2151 561 2514 626 credebant.

296 671 320 715 1
567 650 713 714 XX.
764 649 1003 715 Consul
1048 649 1197 730 quia
1242 669 1368 712 non
1418 648 1766 713 comminus
1811 668 2093 732 pugnam
2153 647 2268 713 sed
2328 648 2546 731 procul
2605 649 2764 713 locis

360 735 807 821 oppugnandis
853 735 1129 799 futuram
1173 742 1584 818 praeceperat
1629 735 1858 816 animo,
1906 736 2230 818 ingentem
2276 735 2407 797 vim
2465 735 2760 817 pilorum,

360 823 716 888 velitarium
761 821 1106 902 hastarum,
1176 823 1550 903 sagittarum
1616 820 1997 905 glandisque
2063 827 2127 885 et
2186 821 2593 901 modicorum,
2653 822 2760 903 qui

292 932 323 978 2
361 908 562 974 funda
613 907 776 972 mitti
830 915 1109 991 possent,
1156 907 1438 991 lapidum
1493 914 1848 991 paraverat,
1904 909 2372 990 instructusque
2424 908 2762 973 missilium

361 1001 674 1080 apparatu
719 994 802 1059 ad
849 994 1192 1078 Olympum
1238 1000 1519 1059 montem
1565 993 1739 1058 ducit
1799 1001 1862 1060 et
1906 1015 1946 1058 a
2008 995 2285 1076 quinque
2345 994 2545 1059 ferme
2605 995 2761 1058 mili—

293 1105 325 1151 3
363 1084 482 1147 bus
544 1087 751 1146 castra
815 1082 1000 1146 locat.
1092 1087 1341 1164 postero
1404 1081 1508 1145 die
1570 1101 1711 1145 cum
1772 1080 2253 1165 quadringentis
2307 1081 2629 1163 equitibus
2699 1088 2762 1146 et

365 1169 578 1234 Attalo
624 1188 1029 1253 progressum
1075 1188 1218 1232 eum
1265 1167 1347 1231 ad
1391 1174 1686 1232 naturam
1733 1168 1968 1233 montis
2015 1168 2331 1250 situmque
2377 1167 2763 1232 Gallicorum

366 1262 713 1321 castrorum
757 1253 1096 1320 visendum
1142 1254 1387 1336 equites
1446 1254 1743 1335 hostium,
1810 1254 2045 1339 duplex
2107 1274 2428 1334 numerus,
2491 1254 2679 1318 effusi
2726 1274 2763 1318 e

293 1356 327 1402 4
365 1343 604 1423 castris,
660 1342 729 1405 in
783 1340 1010 1425 *fugam
1077 1347 1479 1424 averterunt3
1552 1341 1744 1406 occisi
1804 1360 2053 1423 quoque
2112 1340 2298 1423 pauci
2359 1340 2760 1424 fugientium,

361 1428 674 1494 vulnerati
735 1429 963 1513 plures.
1055 1428 1241 1491 tertio
1302 1426 1405 1492 die
1469 1447 1611 1492 cum
1673 1428 1965 1492 omnibus
2026 1426 2109 1491 ad
2168 1427 2309 1491 loca
2368 1424 2765 1510 exploranda

363 1515 701 1600 profectus,
749 1515 898 1596 quia
954 1534 1140 1578 nemo
1185 1513 1460 1579 hostium
1522 1520 1706 1578 extra
1764 1515 2162 1578 munimenta
2227 1514 2554 1597 processit,
2618 1519 2755 1578 tuto

365 1604 822 1667 circumvectus
880 1608 1180 1681 montem,
1242 1599 1693 1665 animadvertit
1752 1600 2106 1665 meridiana
2164 1600 2428 1684 regione
2474 1606 2761 1666 terrenos

366 1695 427 1753 et
473 1686 722 1772 placide
766 1688 1040 1752 acclives
1085 1687 1168 1750 ad
1214 1686 1532 1768 quendam
1578 1686 1772 1752 finem
1818 1688 2006 1751 colles
2052 1706 2210 1767 esse,
2257 1706 2297 1750 a
2329 1687 2762 1770 septentrione

295 1789 327 1835 5
364 1774 565 1839 ardua
609 1780 672 1838 et
716 1780 922 1838 rectas
968 1793 1162 1857 prope
1207 1793 1431 1857 rupes3
1501 1780 1695 1855 atque
1756 1773 2048 1838 omnibus
2106 1772 2306 1836 ferme
2365 1773 2508 1838 aliis
2569 1773 2765 1838 inviis

361 1862 590 1925 itinera
634 1860 758 1925 tria
801 1879 960 1940 esse,
1008 1881 1204 1924 unum
1251 1858 1462 1924 medio
1509 1866 1742 1940 monte,
1791 1880 1916 1941 qua
1962 1866 2212 1924 terrena
2243 1865 2442 1940 erant,
2489 1858 2617 1924 duo
2648 1858 2766 1924 dif-

363 1947 553 2012 ficilia
597 1948 677 2012 ab
727 1946 992 2011 hiberno
1039 1945 1189 2011 solis
1234 1953 1369 2011 ortu
1418 1953 1482 2011 et
1527 1946 1608 2010 ab
1655 1946 1898 2012 aestivo
1944 1966 2193 2010 occasu,
2269 1945 2430 2010 haec
2486 1953 2764 2012 contem-

298 2049 329 2095 6
367 2036 576 2118 platus
623 2054 696 2098 eo
745 2033 848 2097 die
895 2033 1010 2098 sub
1058 2033 1214 2117 ipsis
1257 2032 1576 2097 radicibus
1615 2033 1825 2116 posuit
1867 2037 2100 2115 castra;
2148 2038 2418 2116 postero,
2452 2032 2765 2097 sacrificio

363 2121 550 2202 facto,
615 2141 756 2185 cum
817 2120 1037 2204 primis
1097 2118 1320 2185 hostiis
1379 2119 1640 2201 litasset,
1706 2119 2015 2184 trifariam
2077 2119 2427 2184 exercitum
2486 2118 2768 2185 divisum

300 2222 329 2270 7
367 2209 598 2272 ducere
659 2207 742 2271 ad
804 2207 1048 2272 hostem
1110 2207 1336 2289 pergit.
1429 2207 1568 2290 ipse
1631 2227 1774 2270 cum
1833 2206 2115 2270 maxima
2174 2213 2355 2289 parte
2416 2207 2765 2290 copiarum,

366 2315 491 2377 qua
535 2294 986 2376 aequissimum
1032 2293 1277 2357 aditum
1322 2293 1669 2376 praebebat
1714 2313 1914 2377 mons,
1962 2292 2283 2377 ascendit;
2340 2294 2412 2357 L.
2457 2293 2767 2357 Manlium

364 2382 624 2446 fratrem
668 2381 750 2444 ab
797 2380 1064 2446 hiberno
1111 2386 1268 2460 ortu,
1318 2378 1528 2461 quoad
1571 2380 1713 2443 loca
1756 2380 2080 2462 patiantur
2124 2386 2186 2444 et
2232 2386 2366 2443 tuto
2397 2379 2618 2463 possit,
2667 2399 2765 2444 su-

296 2481 327 2529 8
366 2468 500 2532 bire
544 2467 753 2550 iubet;
802 2468 856 2531 si
903 2487 1029 2548 qua
1072 2465 1423 2549 periculosa
1470 2472 1533 2529 et
1564 2472 1904 2549 praerupta
1934 2472 2280 2546 occurrant,
2314 2486 2441 2530 non
2475 2486 2768 2550 pugnare

367 2575 509 2619 cum
554 2554 887 2635 iniquitate
932 2554 1207 2617 locorum
1254 2572 1462 2633 neque
1506 2552 2127 2636 inexsuperabilibus
2168 2552 2297 2616 vim
2346 2553 2594 2632 afferre,
2650 2552 2769 2617 sed

299 2653 329 2701 9
368 2640 621 2721 obliquo
667 2646 882 2704 monte
927 2639 1012 2702 ad
1057 2659 1125 2704 se
1171 2638 1489 2703 declinare
1535 2645 1598 2703 et
1659 2659 1771 2703 suo
1831 2638 2074 2721 agmini
2137 2638 2465 2722 coniungi3
2515 2639 2584 2704 C.
2620 2639 2767 2703 Hel-

366 2727 539 2791 vium
588 2746 729 2790 cum
774 2725 960 2791 tertia
1005 2731 1186 2810 parte
1232 2724 1496 2789 circuire
1542 2725 1776 2790 sensim
1823 2745 1936 2809 per
1966 2725 2188 2789 infima
2227 2725 2479 2806 montis,
2527 2724 2767 2790 deinde

1360 2916 1488 2949 scrobs

1059 2959 1142 2992 illos
1358 2962 1482 3000 cripta
1796 2959 1999 2992 iaculorum
2321 2959 2581 2994 difficultatem

572 3007 617 3058 1.
656 3018 722 3055 ac
758 3018 883 3055 cum
918 3001 981 3055 B.
1015 3004 1022 3067 1
1055 3017 1149 3055 eos
1185 3002 1248 3056 B.
1281 3004 1289 3067 Ι
1320 3000 1528 3055 fossam
1559 3002 1620 3055 B.
1654 3004 1662 3068 Ι
1693 3004 1742 3056 3.
1780 3001 2015 3055 telorum
2052 3003 2112 3056 B.
2145 3004 2152 3068 Ι
2185 3005 2236 3056 4.
2273 3003 2630 3071 asperitatem
2666 3004 2729 3058 B.
2756 3007 2766 3078 Ι

366 3092 413 3143 5.
452 3088 697 3142 cominus
733 3089 794 3141 B.
829 3090 837 3155 Ι
870 3091 917 3143 6.
955 3087 1344 3155 oppugnandis
1381 3087 1452 3156 M,
1490 3089 1623 3143 Lov.
1649 3093 1700 3154 2,
1738 3089 1948 3152 Aldus;
1995 3088 2377 3156 expugnandis
2419 3090 2512 3144 rel.
2534 3091 2650 3145 cod.
2679 3090 2772 3157 (B)

364 3182 413 3229 et
457 3176 539 3229 ed.
556 3177 735 3244 prior.
769 3179 777 3240 1
811 3178 858 3229 7.
897 3174 989 3242 qui
1034 3172 1210 3227 funda
1257 3173 1401 3227 mitti
1445 3178 1691 3243 possent,
1737 3173 1980 3241 lapidum
2028 3176 2163 3230 Lov.
2189 3180 2238 3244 3,
2288 3176 2367 3229 ed.
2395 3177 2573 3231 Basil.
2599 3180 2772 3238 1535;

364 3260 458 3328 qui
493 3259 666 3314 funda
712 3260 957 3330 lapidum
1003 3265 1234 3327 possent
1268 3261 1333 3327 B,
1368 3260 1464 3328 qui
1507 3258 1682 3313 funda
1728 3259 1871 3313 mitti
1916 3259 2161 3328 lapidum
2204 3266 2433 3328 possent
2476 3263 2595 3317 cod.
2619 3281 2726 3319 rec.
2758 3262 2767 3333 Ι

368 3350 448 3403 12.
487 3346 651 3401 effusi
688 3363 719 3400 e
747 3349 1039 3417 Kreyssi9;
1075 3346 1285 3400 effusus
1324 3361 1353 3398 e
1388 3347 1452 3415 B,
1491 3349 1606 3402 cod.
1632 3366 1733 3403 rec.
1751 3349 1998 3417 plerique
2031 3354 2080 3401 et
2115 3349 2194 3402 ed.
2222 3350 2510 3418 antiquis&
2535 3350 2773 3417 (effusus

364 3435 444 3488 ed.
470 3435 658 3490 Parm.
683 3435 859 3502 1480),
898 3433 1059 3488 effusi
1096 3436 1178 3490 ed.
1211 3436 1393 3489 Basil.
1417 3438 1572 3502 1535,
1613 3433 1848 3487 effusum
1888 3449 1948 3487 se
1983 3439 2020 3488 2
2045 3436 2161 3489 cod.
2186 3452 2287 3490 rec.
2314 3436 2534 3503 (Vasa).
2569 3439 2577 3503 Ι
2614 3440 2696 3492 17.
2734 3453 2773 3490 a

365 3520 739 3587 septentrione
783 3521 855 3588 B3
911 3520 985 3574 ad
1032 3519 1466 3588 septentrionem
1512 3520 1582 3588 M,
1628 3522 1825 3587 Aldus,
1873 3519 2249 3587 septentrione
2295 3522 2411 3575 cod.
2443 3539 2546 3578 rec.
2589 3530 2639 3577 et
2684 3525 2769 3579 ed.

356 3608 533 3676 prior.
567 3608 575 3673 Ι
610 3609 689 3662 18.
736 3607 911 3661 ardua
955 3612 1013 3661 et
1047 3612 1230 3660 rectas
1274 3608 1336 3671 B,
1374 3611 1443 3675 cf.
1481 3626 1600 3676 cap.
1639 3612 1691 3675 2,
1726 3612 1820 3668 14,·
1866 3606 2068 3660 arduas
2114 3613 2172 3660 et
2224 3611 2407 3661 rectas
2455 3608 2526 3677 M,
2563 3611 2771 3679 Aldus,

366 3693 537 3746 ardue
575 3698 787 3747 erectas
825 3696 941 3750 cod.
966 3712 1066 3750 rec.
1094 3701 1143 3748 et
1178 3695 1256 3749 ed.
1274 3696 1453 3763 prior.
1487 3697 1497 3761 1
1529 3694 1653 3747 aliis
1688 3693 1901 3747 inuisas
1937 3693 2136 3747 itinera
2170 3695 2232 3748 B.
2265 3696 2274 3761 l
2307 3697 2389 3750 21.
2414 3699 2648 3764 postero
2675 3697 2772 3752 die

365 3779 631 3833 sacrificio
663 3782 832 3849 pauci
869 3782 984 3836 cod.
1010 3798 1112 3835 rec.
1139 3787 1188 3835 et
1223 3780 1303 3834 ed.
1329 3787 1424 3835 vet.
1458 3783 1468 3846 Ι
1918 3770 1926 3778 ’

2805 1098 2867 1144 10

2801 1529 2866 1576 15

2804 1963 2874 2010 20

2808 2396 2877 2442 25
