2925 4278
585 122 808 175 LIBER
845 122 1171 177 xxxvul.
1211 124 1373 177 oAP.
1400 127 1483 180 30.
1511 127 1594 179 31.
1634 124 1700 192 [a.
1729 125 1793 179 U.
1821 140 1868 179 e.
1894 127 2032 194 565].
2376 106 2498 171 153

117 298 388 364 maxime
433 318 510 361 ac
555 296 1073 363 Lacedaemoniis
1118 298 1382 363 traiecit.
1475 299 1751 383 Aegium
1798 320 1838 363 a
1881 300 2190 383 principio
2237 298 2501 363 Achaici
2538 315 2568 361 2

120 384 359 451 concilii
406 404 654 467 semper
700 392 1045 450 conventus
1088 385 1299 469 gentis
1345 384 1567 449 indicti
1614 391 1777 466 sunt,
1830 406 1940 451 seu
1988 386 2282 468 dignitati
2328 386 2502 451 urbis

118 472 185 537 id
226 491 334 535 seu
378 471 500 536 loci
545 472 995 556 opportunitati
1050 471 1266 536 datum
1325 478 1439 537 est.
1532 472 1701 537 hunc
1755 493 1992 537 morem
2045 473 2500 557 Philopoemen
2539 489 2569 535 3

119 580 190 624 eo
234 558 502 642 primum
546 578 716 622 anno
759 558 1145 623 labefactare
1192 564 1453 623 conatus
1505 559 1712 641 legem
1767 560 2037 643 parabat
2089 560 2273 640 ferre,
2320 566 2390 624 ut
2434 559 2499 622 in

62 664 85 710 5
118 646 402 712 omnibus
450 645 830 725 civitatibuS,
878 665 1039 726 quae
1086 645 1348 709 Achaici
1394 646 1645 711 concilii
1700 653 1930 726 essent,
1986 647 2051 710 in
2097 647 2303 711 vicem
2359 666 2501 711 con-

115 739 337 799 ventus
396 737 753 813 agerentur.
846 738 909 794 et
963 732 1080 795 sub
1140 731 1487 796 adventum
1549 733 1823 797 consulis
1883 733 2227 815 damiurgis
2289 733 2500 797 civita-
2537 749 2569 795 4

118 821 286 900 tium,
344 818 451 898 qui
510 838 792 883 summus
852 824 947 882 est
1005 819 1430 901 magistratus,
1494 820 1768 903 Aegium
1828 820 2239 884 evocantibus
2299 818 2500 884 Philo-

116 924 376 991 poemen
425 943 508 951 —
553 911 805 988 praetor
859 911 992 968 tum
1046 912 1180 969 erat
1233 942 1318 952 ——
1360 906 1570 989 Argos
1625 913 2006 970 conventum
2058 905 2277 971 edixit.
2378 927 2501 988 quo
2538 925 2568 969 5

117 1014 249 1058 cum
304 997 642 1076 appareret
685 1011 905 1056 omnes
957 991 1154 1056 ferme
1210 1002 1649 1074 conventuros,
1698 994 1917 1058 consul
1975 1013 2241 1075 quoque,
2291 1013 2500 1075 quam-

61 1094 85 1140 ο
118 1101 300 1162 quam
333 1079 746 1162 Aegiensium
774 1078 1033 1142 favebat
1065 1098 1314 1158 causae,
1346 1080 1553 1162 Argos
1577 1080 1779 1163 venit3
1813 1081 1924 1143 ubi
1956 1100 2098 1144 cum
2125 1078 2500 1164 disceptatio

115 1167 331 1231 fuisset
372 1172 435 1231 et
472 1185 605 1229 rem
645 1165 1010 1237 inclinatam
1051 1173 1354 1245 cerneret,
1396 1166 1649 1250 incepto
1691 1165 1949 1230 destitit.
2012 1165 2500 1231 Lacedaemonii
2539 1183 2570 1229 6

116 1252 341 1318 deinde
388 1272 530 1317 eum
575 1252 643 1314 in
689 1271 804 1315 sua
851 1251 1196 1316 certamina
1240 1258 1621 1316 averterunt.
1715 1253 2046 1318 sollicitam
2101 1272 2240 1316 eam
2289 1253 2501 1316 civita-

114 1348 233 1404 tem
279 1341 501 1404 exules
547 1339 825 1401 maxime
879 1338 1219 1417 habebant,
1281 1358 1544 1419 quorum
1589 1359 1823 1421 magna
1868 1359 2014 1422 pars
2060 1339 2125 1402 in
2172 1337 2502 1403 maritimis

111 1427 460 1491 Laconicae
524 1445 669 1489 orae
731 1423 1006 1490 castellis
1076 1423 1594 1509 civitatibusque,
1656 1445 1820 1506 quae
1882 1445 2099 1490 omnes
2162 1424 2501 1509 ademptae

61 1528 83 1572 5
114 1519 308 1594 erant,
356 1512 752 1577 habitabant.
829 1511 897 1574 id
940 1530 1130 1594 aegre
1176 1512 1490 1594 patientes
1533 1510 2040 1592 Lacedaemonii,
2086 1519 2155 1576 ut
2194 1513 2405 1594 aliqua
2434 1511 2500 1574 li·
2540 1528 2567 1574 7

113 1601 327 1665 berum
379 1598 465 1663 ad
508 1619 684 1663 mare
739 1597 1046 1662 haberent
1098 1597 1359 1678 aditum,
1407 1598 1460 1663 si
1507 1597 1761 1679 quando
1815 1600 2079 1663 Romam
2127 1600 2331 1663 aliove
2379 1619 2502 1680 quo

112 1688 430 1751 mitterent
476 1686 735 1768 legatos,
784 1684 968 1748 simul
1013 1690 1083 1748 ut
1131 1685 1476 1768 emporium
1531 1692 1593 1749 et
1637 1686 2105 1770 receptaculum
2152 1685 2503 1769 peregrinis

111 1774 422 1838 mercibus
476 1772 560 1835 ad
613 1771 1006 1836 necessarios
1061 1791 1211 1836 usus
1265 1778 1449 1852 esset,
1508 1780 1694 1837 nocte
1747 1772 1951 1836 adorti
2006 1774 2215 1837 vicum
2274 1773 2503 1836 mariti-

114 1879 284 1922 mum
326 1858 582 1923 nomine
626 1859 767 1922 Lan
812 1858 1131 1941 inproviso
1177 1866 1663 1943 occupaverunt.
1741 1860 1952 1924 vicani
1999 1860 2230 1941 quique
2277 1859 2365 1923 ibi
2399 1878 2503 1922 ex·
2540 1875 2571 1921 8

58 1960 81 2005 ο
116 1945 247 2010 ules
298 1945 674 2011 habitabant
725 1944 926 2027 primo
971 1945 1299 2029 inopinata
1351 1966 1419 2010 re
1475 1947 1673 2010 territi
1729 1954 1900 2030 sunt;
1958 1946 2190 2011 deinde
2245 1946 2362 2009 sub
2416 1946 2503 2009 lu-

112 2052 246 2097 cem
293 2032 659 2115 congregati
704 2031 833 2096 levi
878 2033 1219 2096 certamine
1267 2033 1646 2116 expulerunt
1683 2033 2236 2098 Lacedaemonios.
2309 2038 2505 2095 terror
2541 2049 2571 2095 9

111 2126 321 2185 tamen
368 2139 620 2184 omnem
667 2118 1045 2184 maritimam
1092 2139 1266 2184 oram
1311 2119 1618 2203 pervasit;
1676 2121 2044 2202 legatosque
2091 2119 2504 2184 communiter

112 2214 170 2271 et
223 2206 487 2272 castella
540 2206 754 2270 omnia
798 2207 1049 2288 vicique
1105 2213 1166 2270 et
1212 2207 1452 2286 exuleS,
1511 2206 1737 2288 quibus
1792 2207 1880 2271 ibi
1933 2207 2253 2272 domicilia
2300 2212 2500 2286 erant,

109 2293 187 2358 ad
228 2292 521 2358 Achaeos
560 2293 884 2357 miserunt.
963 2294 1204 2356 XXXI.
1238 2293 1691 2376 Philopoemen
1737 2300 2006 2376 praetor,
2053 2294 2180 2356 iam
2226 2291 2377 2357 inde
2418 2293 2499 2356 ab
2544 2308 2568 2353 1

59 2392 81 2436 5
113 2379 287 2445 initio
332 2381 591 2445 exulum
637 2399 865 2443 causae
909 2379 1171 2460 amicuS,
1219 2386 1282 2444 et
1328 2385 1546 2443 auctor
1577 2399 1825 2463 semper
1855 2380 2127 2444 Achaeis
2174 2378 2501 2443 minuendi

113 2487 260 2550 opes
302 2472 367 2531 et
396 2466 831 2530 auctoritatem
871 2464 1535 2546 Lacedaemoniorum,
1578 2466 1910 2531 concilium
1951 2467 2358 2548 querentibus
2398 2464 2502 2530 de·

114 2551 217 2634 dit,
267 2553 719 2634 decretumque
762 2551 1079 2617 referente
1125 2572 1199 2616 eo
1245 2551 1482 2616 factum
1531 2561 1645 2633 est,
1694 2573 1835 2617 cum
1882 2554 1947 2616 in
1992 2552 2184 2616 fidem
2222 2552 2499 2616 Achaeo-
2538 2567 2568 2613 2

113 2660 245 2704 rum
291 2639 678 2722 tutelamque
721 2640 794 2703 T.
844 2638 1176 2715 Quinctius
1222 2647 1285 2703 et
1329 2640 1600 2703 Romani
1646 2639 1995 2704 Laconicae
2048 2659 2196 2703 orae
2242 2639 2503 2703 castella

318 2829 777 2896 1.lacedaemonis
796 2830 858 2882 B.
884 2828 890 2898 Ι
915 2833 962 2884 3.
988 2828 1401 2897 opportunitate
1425 2830 1489 2882 B.
1515 2828 1521 2899 Ι
1543 2828 1999 2897 philopoemenen
2024 2828 2085 2881 B.
2112 2827 2118 2898 Ι
2142 2831 2192 2881 4.
2220 2828 2300 2882 uti
2327 2828 2381 2880 in
2401 2828 2462 2882 B.
2490 2827 2497 2898 Ι

114 2919 155 2969 6.
175 2917 497 2984 damiorgus
517 2916 578 2969 B.
602 2914 609 2984 Ι
635 2919 682 2970 7.
701 2914 1149 2984 philopoemenes
1174 2922 1222 2969 et
1245 2918 1325 2971 sie
1351 2918 1507 2985 infra
1532 2918 1748 2984 saepius
1772 2915 1834 2969 B.
1858 2914 1863 2983 Ι
1892 2919 1973 2970 11.
1998 2914 2375 2969 lacedaemoni
2402 2916 2463 2968 Β.
2488 2913 2496 2988 Ι

115 3005 186 3056 14.
202 3002 447 3057 castellis
467 3001 911 3070 civitatibusque,
923 3017 1065 3071 quae
1086 3017 1274 3056 omnes
1295 3003 1585 3070 ademptae
1606 3006 1762 3054 erant
1773 3004 2150 3058 Weissenborn
2169 3004 2501 3070 ed.Weidm.,

110 3092 180 3157 cf.
201 3091 497 3159 XXXIV,
524 3095 610 3158 36,
638 3094 700 3156 2‚·
732 3090 920 3143 XXX
931 3091 990 3156 V,
1011 3094 1097 3157 12,
1118 3094 1177 3154 7,·
1208 3088 1513 3157 castellisq3
1548 3087 1664 3141 offis
1694 3087 1951 3155 adempte
1989 3092 2145 3141 erant
2174 3090 2234 3156 B,
2254 3089 2500 3143 castellis

107 3190 248 3243 quae
295 3191 487 3230 omnes
521 3175 764 3244 adempti
797 3179 954 3229 erant
978 3177 1161 3245 Harl„
1189 3175 1429 3229 castellis
1468 3175 1559 3243 qui
1602 3174 1777 3227 omnis
1812 3174 2055 3242 adempti
2089 3180 2245 3228 erant
2283 3177 2418 3230 Lov.
2447 3180 2499 3243 2,

107 3263 351 3317 castellis
377 3278 522 3332 quae
551 3262 728 3316 omnis
755 3263 856 3328 (vel
884 3266 1095 3334 omnes)
1123 3262 1310 3330 adepti
1332 3267 1490 3315 erant
1524 3263 1637 3317 eod.
1663 3279 1765 3316 rec.
1784 3262 2045 3330 plerique,
2071 3261 2331 3329 castellis,
2356 3276 2500 3329 quae

106 3350 281 3404 omnis
306 3350 566 3418 adempta
591 3353 709 3402 erat
732 3351 912 3404 Gelen.
940 3349 1016 3418 (M
1026 3350 1089 3418 P),
1115 3348 1374 3417 castellis,
1399 3363 1541 3416 quae
1580 3347 1761 3401 omnia
1788 3347 2046 3415 adempta
2070 3351 2228 3401 erant
2252 3350 2499 3402 Draken-

106 3436 265 3492 borch
309 3440 375 3492 in
418 3440 564 3505 adn„
602 3436 843 3490 castellis
879 3436 1142 3504 vicisque,
1179 3436 1275 3505 qui
1310 3451 1498 3489 omnes
1536 3435 1780 3504 adempti
1818 3440 1973 3488 erant
2001 3438 2379 3492 Weissenborn
2415 3438 2496 3491 ed.

109 3524 306 3578 Teubn.
343 3526 351 3590 Ι
386 3527 466 3579 15.
502 3522 879 3577 lacedaemoni
901 3523 963 3576 B.
996 3524 1004 3590 Ι
1041 3527 1119 3578 17.
1148 3522 1307 3576 simul
1332 3526 1395 3574 ut
1417 3522 1490 3588 B,
1526 3521 1798 3589 simulque
1834 3527 1899 3575 ut
1934 3525 2048 3578 cod.
2074 3540 2173 3579 rec.
2201 3531 2249 3578 et
2278 3526 2355 3578 ed.
2384 3531 2498 3591 vet„

105 3607 377 3680 simulque
403 3612 538 3667 Lov.
563 3615 617 3679 2,
640 3610 800 3663 simul
825 3609 883 3663 id
907 3613 956 3664 I.
983 3611 1051 3664 F.
1077 3611 1399 3665 Gronovius.
1431 3612 1439 3672 Ι
1472 3609 1780 3676 empurium
1816 3609 1876 3661 B.
1910 3610 1917 3673 Ι
1953 3612 2034 3664 19.
2063 3610 2179 3662 Lan
2215 3611 2293 3664 ed.
2320 3611 2498 3665 Basil.

106 3701 245 3752 1535
255 3718 275 3765 ;
310 3698 476 3751 lamin
504 3699 617 3753 cod.
637 3699 879 3767 plerique
897 3697 985 3764 (B)
1010 3704 1057 3751 et
1081 3698 1159 3750 ed.
1174 3698 1352 3765 prior.
1380 3695 1386 3765 Ι
1409 3698 1493 3750 21.
1519 3695 1988 3748 Lacedaemonios
2014 3714 2116 3750 om.
2141 3696 2203 3748 B.
2230 3695 2236 3765 Ι
2262 3699 2344 3751 25.
2371 3695 2499 3749 ami-

104 3797 203 3838 cus
242 3787 324 3840 ed.
351 3787 528 3841 Basil.
556 3789 717 3853 1535;
756 3788 814 3837 et
849 3784 1057 3838 amicus
1094 3785 1208 3840 eod.
1236 3784 1322 3851 (B)
1347 3791 1396 3838 et
1431 3784 1510 3837 ed.
1530 3786 1706 3852 prior.
1740 3785 1749 3850 Ι
1782 3786 1863 3838 27.
1892 3787 1979 3836 est
2005 3788 2067 3836 ut
2101 3783 2158 3836 in
2193 3783 2358 3838 fidem
2393 3785 2454 3838 B.
2485 3782 2492 3852 Ι
