2925 4278
586 140 811 193 LIBER
847 138 1177 195 XXXVIII.
1214 138 1380 194 GAP.
1404 141 1490 194 4s.
1516 142 1600 194 49.
1641 138 1713 207 [a.
1746 138 1806 193 U.
1833 153 1878 193 e.
1906 138 2047 207 567J.
2387 122 2510 186 175

112 322 250 381 tute
296 314 568 399 gloriari,
616 320 682 377 at
713 333 824 398 pro
854 313 1155 376 felicitate
1187 332 1329 376 mea
1376 312 1815 394 exercitusque
1861 313 2005 392 mei,
2054 312 2221 393 quod
2266 320 2508 379 tantam

111 403 443 467 nationem
489 401 626 465 sine
672 400 800 463 ulla
845 399 1109 463 militurn
1150 399 1392 463 iactura
1423 398 1791 479 devicimus,
1840 400 2240 482 postularem,
2287 408 2357 464 ut
2387 399 2509 466 diis
2550 415 2613 463 16

111 488 577 554 immortalibus
622 486 823 551 honos
879 485 1215 550 haberetur
1268 493 1330 549 et
1373 486 1511 569 ipse
1564 484 1959 568 triumphans
2011 486 2076 549 in
2132 486 2511 570 Capitolium

110 573 551 654 ascenderem,
597 572 767 637 unde
814 573 979 638 votis
1024 572 1141 636 rite
1186 572 1567 656 nuncupatis
1613 571 1932 656 profectus
1978 592 2137 653 sum,
2192 575 2511 657 negaretis

58 663 241 728 shoc
303 660 457 725 mihi
517 680 660 724 cum
721 658 841 724 diis
899 659 1434 724 immortalibus“?
1525 660 1757 723 XLIX.
1824 659 2085 741 „Iniquo
2148 660 2316 724 enim
2376 661 2511 726 loco

113 748 436 813 dimicavi.
531 746 633 810 dic
677 745 886 829 igitur,
944 766 1065 827 quo
1109 746 1405 827 aequiore
1451 746 1763 830 potuerim
1807 744 2124 810 dimicare.
2219 766 2361 812 cum
2407 746 2512 812 ho-

116 843 252 900 stes
296 840 574 899 montem
623 833 958 917 cepissent,
1013 833 1149 897 loco
1196 852 1264 897 se
1309 833 1552 896 munito
1597 837 1903 912 tenerent,
1960 852 2188 916 nempe
2235 834 2512 898 eundum

115 920 203 985 ad
249 920 463 987 hostes
512 925 663 1000 erat,
719 920 771 983 si
818 919 1074 984 vincere
1127 920 1375 984 vellem.
1470 917 1665 1000 quid?
1720 919 1773 982 si
1819 919 2038 984 urbem
2094 940 2167 985 eo
2218 920 2355 985 loco
2408 920 2513 984 ha-

113 1010 348 1073 berent
388 1014 449 1072 et
490 1006 817 1071 moenibus
857 1026 925 1070 se
965 1006 1297 1070 tenerent?
1338 1026 1568 1089 nempe
1600 1005 2012 1089 oppugnandi
2046 1013 2241 1071 erant.
2316 1006 2513 1088 quid?

56 1109 76 1156 J
119 1093 209 1158 ad
269 1093 732 1176 Thermopylas
792 1113 1076 1174 aequone
1137 1092 1271 1156 loco
1331 1093 1433 1156 Μ’.
1490 1092 1730 1155 Acilius
1791 1112 1931 1155 cum
1992 1113 2142 1177 rege
2200 1093 2513 1158 Antiocho

115 1180 476 1265 pugnavit?
524 1179 716 1261 quid?
763 1178 1123 1263 Philippum
1163 1199 1289 1242 non
1332 1177 1555 1242 eodem
1587 1177 1772 1261 modo
1806 1198 1994 1262 super
2023 1180 2227 1244 Aoum
2258 1200 2513 1244 amnem

118 1270 272 1351 iuga
332 1273 654 1331 tenentem
716 1267 1021 1330 montium
1080 1267 1151 1328 T.
1202 1263 1534 1341 Quinctius
1596 1264 1869 1329 deiecit?
1932 1265 2222 1347 equidem
2285 1267 2512 1349 adhuc,

121 1354 375 1436 qualem
428 1359 540 1417 aut
594 1352 715 1418 sibi
768 1353 1015 1435 fingant
1067 1359 1175 1416 aut
1229 1352 1411 1417 vobis
1473 1352 1674 1415 videri
1731 1352 1929 1415 velint
1988 1352 2232 1417 hostem
2295 1352 2512 1434 fuisse,

122 1462 252 1507 non
298 1440 574 1504 invenio.
653 1440 705 1504 si
753 1439 1134 1522 degenerem
1180 1444 1243 1502 et
1284 1438 1630 1503 emollitum
1676 1439 2056 1502 amoenitate
2103 1440 2312 1520 Asiae,
2362 1438 2513 1521 quid

56 1542 83 1587 5
124 1527 385 1612 periculi
439 1527 541 1590 vel
594 1526 808 1608 iniquo
861 1526 997 1590 loco
1045 1525 1460 1590 subeuntibus
1514 1524 1677 1589 fuit?
1760 1525 1812 1589 si
1857 1524 2207 1589 timendum
2261 1534 2323 1590 et
2375 1527 2516 1590 feri-

125 1621 255 1678 tate
287 1613 638 1678 animorum
671 1621 733 1676 et
763 1614 986 1677 robore
1019 1631 1366 1695 corporum,
1414 1611 1670 1675 huicine
1715 1617 1931 1675 tantae
1962 1612 2261 1677 victoriae
2306 1614 2517 1678 trium-

124 1700 322 1785 phum
380 1700 675 1782 negatis?
752 1719 943 1763 caeca
1000 1697 1245 1762 invidia
1304 1704 1419 1779 est,
1482 1706 1694 1781 patres
1755 1698 2109 1782 conscripti,
2171 1720 2289 1764 nec
2349 1700 2518 1782 quic-

127 1807 316 1869 quam
371 1786 546 1850 aliud
601 1786 718 1851 scit
778 1806 966 1867 quam
1026 1785 1381 1849 detractare
1444 1786 1728 1865 virtuteS,
1791 1805 2187 1870 corrumpere
2247 1787 2517 1853 honores

128 1894 204 1938 ac
245 1873 530 1957 praemia
578 1893 810 1937 earum.
890 1872 1044 1935 mihi
1090 1891 1324 1954 quaeso
1369 1873 1460 1935 ita
1504 1871 1867 1955 ignoscatiS,
1914 1878 2128 1956 patres
2159 1874 2515 1958 conscripti,

54 1975 92 2020 :0
131 1960 184 2025 si
229 1959 575 2043 longiorem
629 1959 974 2023 orationem
1027 1980 1162 2026 non,
1207 1958 1520 2042 cupiditas
1573 1957 1884 2042 gloriandi
1938 1957 2018 2023 de
2071 1979 2193 2039 me,
2250 1960 2362 2025 sed
2416 1981 2519 2025 ne-

129 2047 404 2111 cessaria
448 2046 778 2110 criminum
827 2045 1110 2110 defensio
1157 2044 1327 2129 facit.
1420 2065 1503 2108 an
1550 2045 1742 2109 etiam
1786 2065 1899 2128 per
1937 2045 2275 2110 Thraciam
2322 2048 2518 2111 saltus
2559 2095 2563 2098 >

130 2134 437 2218 patenteS,
495 2134 599 2216 qui
645 2134 899 2217 angusti
954 2139 1150 2214 erant,
1206 2141 1268 2197 et
1313 2133 1508 2217 plana
1561 2153 1642 2196 ex
1687 2131 1901 2196 arduis
1955 2138 2017 2196 et
2070 2133 2238 2197 culta
2285 2154 2365 2198 ex
2421 2134 2519 2199 silss

131 2221 444 2286 vestribus
490 2221 700 2284 facere
744 2221 918 2303 potui
967 2228 1029 2283 et
1068 2227 1410 2303 praestare,
1459 2219 1689 2283 necubi
1732 2219 1899 2284 notis
1947 2219 2067 2283 sibi
2110 2221 2369 2286 latebris
2416 2220 2520 2286 de-

127 2308 488 2373 litescerent
546 2307 820 2371 latrones
871 2305 1171 2386 Thraces,
1234 2326 1316 2370 ne
1370 2303 1523 2388 quid
1583 2306 1970 2369 sarcinarum
2029 2315 2372 2390 raperetur,
2437 2329 2520 2373 ne

54 2408 95 2454 25
132 2393 299 2476 quod
345 2394 694 2458 iumentum
742 2412 823 2457 ex
870 2399 1045 2457 tanto
1089 2392 1345 2476 agmine
1391 2391 1876 2474 abstraheretur,
1926 2413 2006 2457 ne
2053 2394 2193 2474 quis
2238 2395 2521 2459 vulnera-

129 2487 320 2561 retur,
375 2502 456 2546 ne
502 2501 583 2545 ex
631 2481 890 2544 vulnere
934 2479 1033 2542 vir
1078 2479 1257 2543 fortis
1300 2499 1377 2543 ac
1422 2485 1714 2544 strenuus
1769 2478 1842 2555 Q.
1891 2479 2203 2545 Minucius
2258 2502 2522 2546 morere-

343 2675 388 2726 1.
415 2675 474 2723 at
508 2687 607 2739 pro
643 2669 910 2723 felicitate
937 2671 1069 2724 Lov.
1095 2674 1160 2737 2‚·
1195 2685 1294 2737 pro
1330 2668 1598 2721 felicitate
1622 2671 1711 2722 rel.
1740 2671 1852 2724 eod.
1880 2687 1978 2725 ree.
2008 2677 2057 2724 et
2092 2672 2171 2725 ed.
2198 2679 2312 2738 vet„
2339 2670 2386 2724 si
2421 2688 2522 2740 pro

127 2758 395 2812 felicitate
439 2758 661 2825 Crevier,
709 2759 921 2827 Ussing),
960 2760 1027 2825 cf.
1056 2757 1288 2826 Madvig]
1315 2757 1437 2809 Em.
1467 2757 1533 2810 L.
1554 2774 1613 2824 p.
1638 2760 1755 2822 550,
1790 2755 1835 2808 si
1869 2772 1969 2824 pro
2002 2755 2272 2811 felicitate
2305 2763 2522 2811 tantum

130 2847 209 2900 M.
232 2846 463 2899 Mueller
479 2846 658 2912 praef.
680 2861 737 2912 p.
759 2845 921 2911 XIV,
948 2845 1040 2898 sed
1064 2846 1133 2911 ef.
1155 2844 1230 2897 H.
1255 2844 1305 2897 Ι.
1322 2844 1554 2897 Mueller
1589 2861 1717 2897 ann.
1748 2844 2085 2897 Berol.1891
2115 2862 2175 2913 p.
2203 2849 2322 2909 171,
2360 2845 2523 2899 immo

129 2947 228 2999 pro
264 2930 529 2983 felicitate
566 2931 736 2984 Hertz
772 2932 901 2983 adn.
928 2931 1045 2984 erit.
1066 2948 1123 2998 p.
1151 2931 1344 2997 LVII,
1370 2932 1438 2997 cf.
1468 2932 1665 2998 ephe-m.
1694 2931 1880 2984 Austr.
1908 2934 2060 2986 1892.
2096 2931 2103 2997 Ι
2135 2933 2184 2984 2.
2210 2931 2394 2998 potius
2431 2948 2522 3000 po-

130 3017 396 3072 stularem
430 3019 753 3086 Heusinyer,
779 3017 1223 3085 postularemque
1260 3018 1340 3071 ed.
1367 3024 1492 3072 a‘nte
1528 3018 1750 3071 Aldum.
1785 3019 1792 3079 1
1825 3021 1872 3071 5.
1899 3016 2032 3069 mihi
2070 3032 2193 3070 cum
2219 3017 2288 3085 M,
2316 3020 2496 3073 Aldus
2505 3038 2525 3086 ‚-

129 3104 357 3157 militiae
395 3119 517 3156 cum
553 3105 633 3157 vel
668 3102 895 3155 militiae
934 3108 1032 3155 aut
1066 3118 1188 3156 cum
1215 3104 1450 3170 (Lov.2)
1478 3105 1591 3159 eod.
1611 3122 1709 3159 ree.
1744 3106 1752 3169 Ι
1795 3107 1842 3158 7.
1870 3103 1993 3157 loco
2020 3119 2081 3157 se
2114 3104 2324 3157 munito
2350 3108 2383 3158 5
2408 3107 2522 3161 eod.

130 3210 230 3247 ree.
258 3192 416 3257 (Lov.
440 3191 547 3256 2).;
581 3189 704 3242 loco
738 3190 950 3243 munito
984 3205 1044 3242 se
1077 3193 1170 3244 rel.
1192 3192 1306 3246 eod.
1326 3208 1427 3245 rec.
1449 3198 1499 3245 et
1523 3191 1601 3245 ed.
1627 3198 1722 3246 vet.
1758 3192 1766 3258 Ι
1803 3195 1880 3246 11.
1908 3207 2072 3260 super
2096 3189 2283 3244 Aoum
2310 3207 2525 3245 amnem

133 3281 213 3333 ed.
239 3285 336 3333 vet.
373 3278 560 3344 (super
596 3276 725 3330 Acii
763 3293 976 3331 amnem
1014 3279 1091 3332 ed.
1121 3279 1364 3346 Parnm),
1410 3281 1729 3345 superatum
1766 3293 1982 3331 amnem
2019 3280 2131 3335 eod.
2159 3296 2260 3334 rec.
2279 3281 2525 3349 plerique

132 3366 418 3433 (superato
455 3378 615 3416 amne
652 3366 785 3420 Lov.
822 3365 894 3431 2).
927 3365 935 3431 Ι
971 3367 1051 3419 16.
1089 3362 1309 3417 huicine
1352 3367 1646 3434 Kreyssi9;
1695 3362 1947 3418 huiccine
1990 3368 2237 3421 norman.
2274 3368 2387 3422 eod.
2421 3385 2523 3422 rec.

131 3454 356 3518 (Voss),
377 3448 576 3503 huicne
600 3453 692 3505 rel.
714 3453 826 3506 eod.
846 3469 947 3505 rec.
967 3457 1016 3505 et
1052 3451 1131 3505 ed.
1151 3458 1246 3505 vet.
1270 3450 1275 3519 1
1309 3453 1388 3505 19.
1411 3467 1598 3504 earum
1631 3452 1809 3505 Gelen.
1837 3450 1948 3517 (M?
1981 3454 2128 3507 Voss.
2144 3454 2208 3519 ἓ),
2245 3454 2322 3507 ed.
2346 3455 2524 3508 Basil.

132 3542 269 3593 1535
276 3559 294 3605 ,·
332 3552 520 3590 eorum
544 3539 637 3592 rel.
664 3539 778 3593 eod.
804 3545 854 3592 et
888 3538 966 3592 ed.
985 3539 1161 3606 prior.
1196 3537 1204 3603 Ι
1235 3540 1318 3592 20.
1347 3536 1416 3589 de
1441 3552 1528 3590 me
1554 3537 1624 3604 M,
1650 3538 1731 3592 ed.
1758 3539 1937 3592 Basil.
1961 3542 2098 3593 1535
2106 3558 2125 3606 ‚·
2160 3557 2261 3595 om.
2287 3542 2379 3594 rel.
2408 3541 2523 3596 eod.

134 3630 183 3677 et
212 3626 290 3679 ed.
310 3627 486 3694 prior.
513 3623 518 3692 Ι
542 3628 624 3680 21.
651 3623 785 3678 facit
817 3626 948 3680 Lov.
975 3629 1026 3691 2,
1053 3625 1390 3694 Heusinyer;
1425 3623 1562 3678 fecit
1591 3627 1684 3680 rel.
1710 3626 1824 3681 eod.
1851 3643 1951 3680 ree.
1979 3633 2026 3681 et
2062 3627 2142 3680 ed.
2172 3634 2266 3681 vet.
2294 3625 2300 3696 Ι
2324 3629 2408 3682 23.
2434 3643 2525 3680 ne·

135 3708 264 3762 cubi
297 3711 443 3765 notis
480 3710 586 3765 sibi
624 3711 693 3779 M,
729 3712 939 3776 Aldus;
983 3709 1184 3763 necubi
1219 3710 1274 3763 in
1310 3709 1396 3764 his
1434 3713 1593 3776 (Lov.
1620 3713 1694 3780 3),
1730 3726 1800 3765 ne
1836 3711 1933 3781 qui
1976 3712 2032 3766 in
2077 3711 2164 3766 his
2198 3715 2421 3782 (Voss),
2457 3729 2527 3768 ne

136 3794 232 3864 qui
268 3795 374 3851 illis
409 3800 572 3865 (Lov.
598 3800 655 3865 2)
691 3800 810 3853 sim.
838 3799 950 3853 eod.
979 3815 1078 3852 rec.
1114 3798 1122 3864 Ι

2586 675 2613 721 1

2584 934 2615 980 2
