2925 4278
620 140 842 192 LIBER
881 139 1206 194 XXXVIII.
1246 139 1410 194 CAP.
1437 144 1521 196 40.
1547 144 1632 196 41.
1673 142 1737 209 [a.
1765 141 1830 195 U.
1856 156 1902 195 ο.
1930 141 2073 209 566].
2415 123 2537 186 165

137 312 425 398 praedae
476 312 817 379 habebant.
908 315 1077 379 XLI.
1124 316 1549 379 Romanorum
1596 315 1865 398 primum
1912 334 2143 397 agmen
2190 319 2373 379 extra
2418 315 2533 379 sal·
2574 326 2599 373 1

138 409 282 464 tum
343 399 511 464 circa
570 401 874 484 templum
929 399 1307 464 Bendidium
1364 408 1571 465 castra
1622 402 1757 466 loco
1812 409 2030 485 aperto
2090 401 2325 485 posuit;
2388 395 2537 485 pars

139 487 347 551 altera
391 485 476 549 ad
522 486 871 551 custodiam
914 487 1510 572 impedimentorum
1554 488 1763 551 medio
1809 488 1877 552 in
1917 488 2099 569 saltn,
2147 487 2380 572 duplici
2428 488 2538 552 cir-

142 573 443 638 cumdato
489 573 674 654 vallo,
720 574 969 639 mansit.
1057 580 1307 657 postero
1354 573 1477 655 die,
1524 575 1699 659 prius
1746 575 2070 658 explorato
2117 576 2298 655 saltu,
2347 596 2536 656 quam
2575 587 2605 633 2

75 672 103 720 5
140 666 497 741 moverent,
545 660 764 743 primis
812 681 879 725 se
927 662 1333 744 coniungunt.
1425 661 1491 725 in
1546 682 1620 726 eo
1674 661 1911 745 proelio
1967 682 2106 725 cum
2163 668 2226 725 et
2278 661 2539 746 impedi·
2575 676 2606 723 3

142 755 503 811 mentorum
573 747 862 810 custodes
934 754 996 812 et
1065 748 1353 812 calonum
1413 767 1562 831 pars
1632 755 1696 813 et
1762 748 1993 813 milites
2061 748 2323 830 aliquot,
2395 768 2539 812 cum

29 892 71 927 w
141 834 387 918 passim
432 839 561 898 toto
607 853 801 917 prope
848 835 1011 900 saltu
1056 841 1465 918 pugnaretur,
1514 834 1910 915 cecidissent,
1950 835 2286 919 plurimum
2320 833 2394 910 Q.
2428 835 2538 899 Mi-

29 940 30 943 ’
143 920 318 985 nucii
363 920 622 984 Thermi
667 927 865 985 morte
920 920 1136 985 da'mni
1191 928 1286 986 est
1337 927 1689 1005 acceptum,
1745 921 1925 986 fortis
1976 942 2052 986 ac
2105 922 2346 987 strenui
2398 922 2535 986 viri.

143 1029 221 1073 eo
272 1006 376 1070 die
419 1006 504 1071 ad
539 1007 832 1072 Hebrum
877 1007 1110 1071 flumen
1157 1014 1532 1091 perventum
1579 1014 1692 1072 est.
1785 1007 1933 1072 inde
1978 1009 2323 1073 Aeniorum
2376 1009 2537 1074 fines
2573 1023 2607 1070 4

51 1106 106 1152 10
143 1101 399 1178 praeter
441 1094 770 1177 Apollinis,
818 1094 1233 1177 Zerynthium
1281 1115 1467 1176 quem
1506 1100 1736 1158 vocant
1780 1096 2044 1176 incolae,
2091 1096 2395 1179 templum
2442 1116 2537 1160 su-

145 1187 389 1265 perant.
481 1180 643 1245 aliae
704 1182 1039 1263 angustiae
1100 1181 1265 1245 circa
1323 1183 1646 1264 Tempyra
1705 1182 2031 1265 excipiunt
2081 1220 2167 1228 —
2222 1183 2341 1246 hoc
2399 1182 2535 1246 loco
2573 1196 2604 1243 5

143 1288 379 1334 nomen
426 1274 520 1331 est
567 1306 669 1349 ——,
724 1288 845 1333 nec
896 1267 1105 1332 minus
1160 1268 1575 1351 confragosae
1628 1288 1816 1350 quam
1872 1269 2139 1352 priores3
2198 1269 2331 1349 sed,
2388 1268 2538 1350 quia

144 1354 303 1418 nihil
348 1354 635 1419 silvestre
681 1354 848 1418 circa
893 1361 1006 1435 est,
1054 1375 1135 1420 ne
1181 1355 1455 1419 latebras
1496 1355 1751 1436 quidem
1785 1353 1870 1417 ad
1900 1353 2331 1419 insidiandum
2363 1375 2536 1438 prae-

143 1442 316 1506 bent.
411 1440 534 1505 huc
599 1441 682 1505 ad
752 1440 1019 1505 eandem
1088 1461 1264 1525 spem
1333 1440 1612 1526 praedae
1670 1439 1970 1521 Thrausi,
2039 1461 2198 1523 gens
2268 1448 2330 1505 et
2395 1441 2536 1525 ipsa
2574 1447 2620 1502 6‘

52 1537 106 1584 15
142 1527 520 1608 Thraecum,
568 1547 940 1592 convenere.
1026 1527 1159 1609 sed,
1207 1529 1355 1609 quia
1398 1527 1610 1592 nudae
1654 1527 1874 1608 valles,
1921 1528 2138 1611 procul
2181 1534 2251 1591 ut
2296 1528 2537 1611 conspi-

142 1621 436 1679 cerentur
487 1614 816 1697 angustias
869 1613 1252 1694 obsidentes,
1309 1614 1691 1694 efficiebant,
1747 1614 1956 1678 minus
2011 1614 2262 1678 terroris
2316 1615 2537 1679 tumul-

142 1707 370 1783 tusque
402 1700 521 1764 fuit
550 1700 724 1785 apud
761 1702 1109 1784 Romanos3
1159 1701 1393 1785 quippe
1435 1702 1553 1765 etsi
1592 1701 1807 1782 iniquo
1847 1701 2003 1781 loc0,
2044 1701 2281 1785 proelio
2320 1707 2538 1765 tamen

145 1788 325 1867 iusto,
372 1787 510 1851 acie
556 1794 796 1871 aperta,
844 1787 1045 1870 signis
1092 1788 1330 1852 collatis
1376 1786 1804 1852 dimicandum
1853 1794 2004 1852 erat.
2084 1788 2349 1853 conferti
2395 1789 2535 1853 sub·
2577 1801 2606 1847 7

29 1876 30 1881 ’
151 1880 297 1937 eunt
344 1880 409 1939 et
460 1894 602 1937 cum
635 1875 911 1940 clamore
961 1875 1200 1958 impetu
1240 1874 1407 1939 facto
1458 1875 1729 1958 primum
1773 1875 2075 1957 expulere
2116 1874 2251 1939 loco
2298 1874 2533 1956 hosteS‚

53 1966 111 2014 20
145 1959 377 2025 deinde
422 1967 735 2045 avertere3
791 1961 946 2044 fuga
998 1960 1149 2025 inde
1204 1961 1578 2042 caedesque,
1637 1961 1766 2025 suis
1820 1961 1992 2044 ipsos
2044 1959 2537 2044 impedientibus

143 2046 478 2130 angustiis,
525 2046 662 2113 fieri
708 2054 932 2132 coepta
979 2053 1091 2112 est.
1182 2048 1451 2112 Romani
1499 2047 1766 2112 victores
1810 2046 1895 2110 ad
1940 2048 2152 2112 vicum
2206 2048 2535 2111 Maronita-
2574 2060 2606 2108 8

142 2156 284 2199 rum
326 2172 409 2181 ——
449 2134 640 2201 Salen
685 2135 1009 2219 appellant
1043 2174 1121 2181 —-—
1155 2141 1500 2217 posuerunt
1546 2141 1767 2199 castra.
1849 2141 2099 2218 postero
2146 2133 2249 2199 die
2295 2135 2537 2217 patenti

354 2327 403 2379 2.
428 2321 754 2378 Bendidium
781 2327 860 2379 ed.
885 2327 1252 2388 Basil.1531,·
1287 2324 1625 2377 mendidium
1647 2321 1936 2391 (ffi‘didium
1960 2324 2028 2391 B)
2053 2326 2166 2380 eod.
2201 2326 2208 2390 Ι
2240 2328 2289 2380 3.
2315 2325 2537 2377 circum·

141 2410 277 2465 data
305 2413 481 2480 pauci
517 2413 629 2466 cod.
651 2430 751 2467 rec.
778 2418 826 2466 et
870 2413 948 2466 ed.
978 2419 1074 2466 vet.
1109 2414 1116 2477 Ι
1149 2416 1194 2467 5.
1236 2426 1359 2463 cum
1412 2415 1469 2464 et
1515 2408 1902 2480 eodsplerique
1937 2410 2048 2478 (B),
2097 2426 2221 2463 cum
2267 2410 2376 2464 iam
2420 2410 2490 2464 M.
2522 2410 2528 2480 Ι

140 2497 656 2566 impedimentorum
702 2495 964 2551 custodes
1009 2504 1065 2550 et
1112 2498 1365 2551 calonum
1420 2513 1547 2565 pars
1593 2499 1673 2552 M.
1705 2499 1951 2560 Mueller,
1999 2500 2066 2565 ef.
2103 2499 2180 2551 H.
2223 2500 2272 2551 1.
2308 2499 2542 2552 Mueller

139 2604 271 2641 ann.
309 2587 493 2641 Berol.
525 2589 662 2639 1891
710 2603 770 2653 p.
807 2589 947 2652 170;
997 2584 1511 2652 impedimentorum
1568 2593 1625 2636 et
1670 2584 1923 2636 calonum
1968 2600 2097 2651 pars
2143 2586 2257 2639 cod.
2293 2586 2541 2654 plerique

139 2674 245 2741 (B),
289 2671 808 2740 impedimentorum
844 2688 969 2740 pars
1015 2677 1073 2725 et
1117 2672 1373 2725 calonum
1419 2672 1472 2723 M
1516 2678 1565 2725 et
1599 2672 1677 2725 ed.
1713 2678 1828 2737 vet„
1861 2671 2375 2738 impedimentorum
2410 2686 2538 2739 pars

141 2759 350 2813 amissa
398 2764 549 2813 esset
597 2764 654 2813 et
700 2760 954 2812 calonum
1002 2761 1232 2828 Madvig]
1276 2761 1401 2813 Em.
1435 2759 1505 2811 L.
1542 2776 1602 2827 p.
1637 2762 1752 2811 549.
1788 2762 1795 2820 Ι
1837 2760 1883 2812 6.
1931 2762 1988 2809 et
2033 2757 2233 2811 milites
2287 2760 2402 2814 cod.
2437 2775 2538 2813 ree.

142 2849 300 2914 (Lov.
336 2850 387 2913 2,
422 2848 593 2913 Voss.)
629 2854 680 2901 et
714 2848 793 2900 eol.
822 2852 916 2900 vet.
927 2868 943 2909 ;
989 2846 1189 2899 milites
1235 2846 1297 2909 B,
1335 2851 1369 2899 4
1405 2847 1520 2901 cod.
1555 2862 1654 2900 rec.
1688 2846 1696 2912 Ι
1730 2847 1776 2899 ’7.
1814 2842 2109 2912 plurimum
2147 2847 2390 2913 „sincera
2441 2847 2539 2899 lee-

144 2935 255 2991 tio“
298 2935 478 2988 Gelen.
523 2933 674 3001 (MP),
720 2933 1008 2995 Meacl.1;
1074 2951 1172 2987 om.
1209 2935 1301 2987 rel.
1348 2934 1461 2989 eod.
1507 2932 1593 2997 (B)
1648 2939 1697 2986 et
1750 2933 1830 2986 ed.
1885 2933 2169 2999 antiquiss.
2205 2934 2213 2997 Ι
2258 2935 2306 2988 8.
2354 2931 2541 2985 damni

149 3024 394 3088 „sincera
436 3021 619 3074 lectio“
666 3020 845 3073 Gelen.
882 3019 1046 3087 (M?)3
1100 3019 1361 3072 amissum
1408 3020 1522 3074 cod.
1549 3020 1794 3087 plerique
1830 3018 1935 3085 (B),
1982 3018 2243 3071 omissum
2288 3022 2536 3074 nonnull.

144 3108 261 3162 cod.
304 3123 405 3161 ree.
458 3107 661 3173 (Voss.)
706 3113 754 3160 et
807 3107 887 3160 ed.
932 3107 1218 3175 antiquiss.
1281 3108 1378 3173 (an
1436 3105 1620 3158 damni
1675 3104 2066 3173 plurimum‘?){
2112 3110 2195 3157 est
2249 3111 2538 3173 acceptum

146 3194 209 3262 B,
246 3194 434 3249 Mead.
464 3200 509 3260 1,
551 3193 732 3247 Gelen.
757 3192 916 3260 (M?)3
962 3198 1049 3245 est
1091 3192 1369 3259 inceptum
1415 3194 1529 3248 cod.
1565 3210 1666 3247 rec.
1702 3198 1752 3246 et
1795 3193 1873 3245 ed.
1903 3193 2187 3259 antiquiss.
2228 3191 2542 3259 (plurimum

148 3279 208 3343 Q.
235 3280 474 3334 Minucio
499 3278 737 3332 Thermo
775 3279 978 3332 amisso
1016 3278 1200 3340 damni
1236 3284 1322 3333 est
1349 3284 1635 3346 acceptum
1662 3281 1800 3335 coni.
1822 3280 2197 3333 Weissenborn
2232 3281 2308 3333 ed.
2342 3281 2540 3333 Teubn.

143 3384 200 3435 p.
227 3361 472 3433 XXIII,
509 3368 603 3421 sed
646 3369 709 3420 in
753 3383 811 3421 eo
849 3367 1080 3432 errabat,
1119 3368 1263 3435 quod
1306 3384 1416 3421 voe.
1450 3369 1626 3418 morte
1671 3383 1706 3419 a
1741 3366 1894 3420 codd.
1922 3367 2099 3419 abesse
2135 3366 2498 3434 opinabatur).
2530 3365 2536 3436 Ι

147 3457 196 3508 9.
236 3453 361 3506 finis
397 3452 459 3507 B.
494 3457 501 3517 Ι
538 3456 617 3508 10.
651 3452 970 3505 Zeruntium
1013 3451 1076 3505 B.
1110 3454 1118 3518 Ι
1149 3468 1311 3519 quem
1357 3454 1456 3506 del.
1502 3451 1726 3506 Crevier.
1759 3454 1768 3517 Ι
1807 3450 2017 3504 incolae
2065 3470 2166 3506 om.
2201 3453 2335 3507 Lov.
2360 3457 2398 3507 2
2431 3471 2544 3509 non

147 3542 375 3610 improb.
412 3542 813 3595 Drakenborch.
848 3541 855 3607 Ι
898 3541 981 3594 14.
1028 3538 1135 3592 hoc
1181 3538 1252 3591 ad
1296 3538 1529 3591 eandem
1573 3538 1634 3592 B.
1670 3543 1676 3602 Ι
1709 3536 1947 3591 Thrausi
1988 3540 2320 3605 Glareanu83
2372 3539 2544 3593 transi

149 3630 265 3684 cod.
291 3629 539 3696 plerique
583 3627 684 3693 (B).
719 3631 726 3689 Ι
763 3630 842 3681 15.
881 3630 946 3679 ut
990 3645 1091 3681 om.
1123 3627 1210 3693 (B)
1250 3633 1299 3680 et
1343 3628 1456 3682 eod.
1483 3643 1584 3681 ree.
1618 3629 1625 3691 Ι
1660 3629 1741 3681 18.
1781 3623 2025 3678 subeunt
2061 3626 2109 3678 &
2143 3641 2266 3679 cum
2301 3626 2374 3694 B,
2418 3626 2544 3680 sub-

149 3718 348 3768 euntes
383 3729 506 3767 cum
544 3715 659 3768 cod.
684 3731 785 3768 rec.
812 3720 861 3767 et
896 3715 977 3767 ed.
1002 3720 1100 3768 vet.
1134 3715 1141 3780 Ι
1176 3716 1255 3767 19.
1287 3711 1462 3766 hostis
1487 3712 1550 3764 B.
1584 3713 1592 3780 1
1625 3715 1707 3768 22.
1735 3711 1901 3764 Salen
1939 3714 2054 3766 cod.
2085 3713 2334 3779 Gaertn.,·
2368 3712 2546 3765 salent

148 3808 249 3855 aut
292 3801 464 3854 salem
511 3800 573 3869 B,
612 3799 790 3863 salent
836 3801 952 3856 cod.
979 3817 1078 3855 rec.
1103 3801 1365 3868 plerique,
1406 3799 1626 3852 salentii
1662 3801 1734 3853 al.
1762 3800 1878 3854 cod.
1903 3816 2004 3854 rec.
2031 3805 2082 3853 et
2125 3800 2203 3853 ecl.
2239 3800 2542 3867 antiquiss„
