2925 4278
458 131 543 193 46
949 146 1173 199 LIBER
1210 146 1481 202 XXXVI.
1520 147 1686 201 CAP.
1725 150 1808 204 42.
1834 150 1918 202 43.
1959 149 2024 216 [a.
2052 148 2118 203 U.
2145 164 2191 201 ο.
2218 150 2355 216 563].

390 332 421 379 8
460 341 629 385 mam
675 321 998 404 profectus
1046 329 1157 386 est.
1250 321 1472 386 Livius
1517 342 1646 385 una
1691 330 1754 386 et
1800 322 2123 405 octoginta
2178 323 2513 387 constratis
2560 323 2838 401 navibus,

459 407 671 471 multis
716 414 1047 490 praeterea
1091 407 1456 488 minoribus,
1506 428 1670 489 quae
1714 415 1825 472 aut
1868 415 2128 491 apertae
2189 415 2495 473 rostratae
2558 417 2668 473 aut
2713 410 2841 473 sine
2899 442 2900 469 1

394 505 419 551 1
459 494 676 558 rostris
721 493 1178 577 speculatoriae
1224 501 1422 574 erant,
1470 494 1700 559 Delum
1734 495 1996 559 traiecit.
2089 496 2325 559 XLIII.
2402 495 2494 559 Eo
2536 495 2670 560 fere
2701 503 2841 560 tem-

459 600 609 664 pore
670 580 886 645 consul
946 579 1186 645 Acilius
1249 582 1656 663 Naupactum
1716 583 2143 665 oppugnabat.
2237 581 2488 645 Livium
2533 581 2676 645 Deli
2741 602 2843 665 per

372 684 373 687 ’
457 667 698 748 aliquot
744 666 881 731 dies
927 704 1010 713 —
1059 674 1120 730 et
1178 673 1272 731 est
1332 668 1780 732 ventosissima
1839 668 2012 751 regio
2073 668 2238 732 inter
2299 667 2618 750 Cycladas
2670 667 2842 732 fretis
2889 684 2903 755 q

458 753 618 817 alias
663 752 1007 818 maioribus
1037 752 1196 817 alias
1228 753 1579 819 minoribus
1610 754 1850 818 divisas
1880 792 1965 799 —
1996 753 2250 818 adversi
2281 754 2459 818 venti
2490 760 2838 819 tenuerunt.

391 851 421 897 2
461 839 893 922 Polyxenidas
941 839 1166 903 certior
1211 860 1323 922 per
1370 840 1709 923 dispositas
1755 841 2205 923 speculatorias
2238 860 2437 904 naves
2467 840 2675 905 factus
2708 841 2841 905 Deli

393 937 423 983 3
462 932 629 990 stare
675 927 1028 989 Romanam
1077 926 1364 1006 classem,
1412 927 1667 991 nuntios
1727 927 1809 991 ad
1870 947 2085 1010 regem
2146 926 2333 991 misit.
2427 926 2535 1007 qui
2581 928 2840 1006 omissiS,

461 1031 622 1092 quae
668 1012 733 1074 in
780 1012 1192 1094 Hellesponto
1238 1013 1493 1096 agebat,
1544 1034 1685 1076 cum
1731 1014 2015 1077 rostratis
2061 1013 2350 1092 navibus,
2400 1020 2710 1094 quantum
2755 1034 2840 1077 ac·

460 1098 735 1162 celerare
780 1104 1046 1182 poterat,
1092 1097 1416 1181 Ephesum
1484 1099 1649 1164 redit
1709 1107 1772 1164 et
1834 1100 2162 1164 consilium
2224 1100 2542 1181 extemplo
2605 1098 2840 1179 habuit,
2873 1116 2903 1163 u

393 1196 425 1242 4
462 1183 911 1248 faciendumne
971 1185 1320 1268 periculum
1380 1186 1628 1250 navalis
1707 1186 2069 1251 certaminis
2144 1184 2322 1249 foret.
2416 1186 2844 1268 Polyxenidas

457 1271 739 1353 negabat
785 1270 1162 1336 cessandum
1228 1279 1290 1335 et
1351 1272 1569 1353 utique
1629 1272 1803 1355 prius
1869 1271 2338 1355 confligendum
2386 1292 2576 1353 quam
2636 1272 2846 1337 classis

390 1371 420 1415 5
457 1356 761 1421 Eumenis
808 1363 871 1422 et
915 1357 1202 1421 Rhodiae
1247 1378 1447 1422 naves
1495 1358 2029 1441 coniungerentur
2073 1358 2411 1441 Romanis3
2459 1358 2550 1422 ita
2589 1378 2845 1423 numero

460 1463 586 1506 non
633 1443 832 1507 ferme
877 1443 1154 1526 impares
1199 1442 1443 1508 futuros
1490 1464 1577 1525 se,
1628 1445 1853 1509 ceteris
1900 1445 2193 1509 omnibus
2239 1445 2614 1529 superioreS,
2663 1453 2732 1510 et
2763 1466 2846 1509 ce-

393 1541 423 1588 6
459 1529 703 1593 leritate
759 1529 1016 1593 navium
1075 1539 1138 1593 et
1193 1531 1502 1594 varietate
1561 1531 1960 1596 auxiliorum.
2056 1551 2206 1595 nam
2262 1533 2582 1596 Romanas
2651 1551 2845 1595 naves
2875 1546 2903 1594 11

458 1633 602 1678 cum
648 1615 820 1698 ipsas
865 1615 1089 1680 inscite
1136 1615 1340 1681 factas
1385 1617 1741 1681 immobiles
1788 1637 1948 1697 esse,
1996 1624 2129 1681 tum
2177 1617 2386 1697 etiam,
2444 1624 2513 1681 ut
2573 1637 2742 1699 quae
2785 1618 2844 1680 in

390 1714 416 1760 7
457 1706 686 1764 terram
734 1700 1007 1765 hostium
1053 1702 1333 1784 veniant,
1381 1711 1675 1768 oneratas
1722 1711 2073 1768 commeatu
2118 1704 2369 1786 venire3
2422 1723 2569 1768 suas
2617 1712 2844 1782 autem,

667 1963 712 2014 1.
739 1959 1021 2027 profectus
1047 1965 1133 2013 est
1157 1960 1228 2028 Βτ,
1265 1965 1355 2013 est
1376 1959 1661 2028 profectus
1697 1963 1789 2016 rel.
1818 1963 1931 2017 eod.
1959 1969 2008 2016 et
2043 1963 2123 2016 ecl.
2149 1969 2244 2016 vet.
2279 1964 2288 2027 Ι
2319 1962 2615 2015 constratis
2641 1964 2849 2026 Duker;

455 2046 744 2113 prostratis
791 2047 854 2115 B,
900 2047 1153 2100 rostratis
1200 2049 1316 2102 eod.
1352 2064 1452 2102 ree.
1492 2054 1540 2101 et
1585 2049 1663 2101 ed.
1699 2055 1793 2102 vet.
1829 2051 1837 2114 1
1870 2050 1917 2102 3.
1955 2047 2071 2101 fere
2108 2048 2178 2115 M,
2216 2050 2396 2102 Aldus
2407 2069 2426 2116 ,·
2470 2066 2571 2103 om.
2608 2051 2704 2104 rel.
2741 2050 2846 2105 eod.

459 2134 547 2203 (B)
595 2143 643 2190 et
689 2137 769 2190 ed.
805 2137 1121 2205 antiquiss„
1175 2133 1317 2188 forte
1374 2137 1512 2190 coni.
1553 2136 1931 2191 Weissenborn
1975 2137 2053 2190 ecl.
2094 2136 2293 2190 Teubn.
2320 2139 2499 2205 praef.
2527 2154 2586 2205 p.
2624 2136 2802 2192 XIX.
2840 2135 2844 2203 Ι

457 2225 505 2276 4.
531 2222 655 2275 Deli
680 2237 779 2290 per
803 2222 1016 2289 aliquot
1052 2222 1170 2275 dies
1197 2222 1251 2274 M
1269 2222 1297 2274 Ῥ
1324 2220 1399 2275 S?
1435 2222 1464 2288 (
1464 2224 1724 2291 „antiqua
1762 2223 1945 2279 lectio“
1991 2224 2213 2292 Gelen.),
2248 2224 2328 2279 ed.
2355 2225 2533 2278 Basil.
2560 2228 2706 2278 1535
2713 2245 2732 2292 ‚-
2768 2223 2850 2276 de·

457 2308 716 2361 liberanti
752 2305 827 2377 qd
862 2309 981 2362 dies
1018 2308 1081 2373 B,
1119 2308 1516 2361 deliberantem
1552 2308 1764 2375 aliquot
1808 2309 1925 2363 dies
1969 2311 2084 2365 eod.
2110 2327 2210 2365 ree.
2238 2311 2395 2376 (Lov.
2420 2312 2479 2376 2)
2515 2317 2564 2364 et
2600 2311 2680 2365 ed.
2713 2312 2850 2366 anti-

457 2398 639 2463 quiss„
667 2395 1063 2448 deliberantem
1105 2400 1242 2463 quot
1276 2395 1393 2448 dies
1429 2399 1502 2449 al.
1529 2397 1642 2451 eod.
1672 2414 1771 2452 ree.
1794 2398 2006 2464 (Voss.)
2038 2399 2045 2463 Ι
2079 2401 2127 2451 5.
2154 2401 2212 2449 et
2244 2401 2330 2449 est
2355 2398 2468 2452 eod.
2494 2414 2595 2451 ree.
2622 2399 2650 2462 (
2662 2397 2850 2462 Voss),
2903 2415 2904 2436 ³

457 2484 536 2536 ed.
573 2485 750 2537 Basil.
785 2487 950 2550 1535,·
1003 2482 1170 2536 ethen
1207 2484 1321 2537 eod.
1355 2500 1476 2550 ree„
1522 2483 1724 2535 etenim
1770 2489 1856 2536 cst
1901 2486 2035 2539 Lov.
2061 2489 2114 2553 2,
2154 2484 2189 2537 ‘e
2236 2485 2295 2551 B,
2341 2487 2406 2535 ut
2451 2488 2539 2536 est
2582 2484 2664 2537 ed.
2705 2492 2802 2539 vet.

458 2573 505 2624 6.
545 2569 679 2622 alias
717 2567 1016 2622 maioribus
1044 2568 1180 2621 alias
1217 2568 1520 2622 minoribus
1547 2570 1618 2637 M,
1654 2571 1861 2637 Aldus;
1906 2570 2044 2623 alias
2082 2570 2381 2624 maioribus
2408 2570 2472 2637 B,
2508 2569 2646 2623 alias
2688 2571 2852 2623 mino-

457 2655 610 2708 ribus
656 2657 772 2711 eod.
808 2673 925 2724 ree„
972 2655 1096 2708 aliis
1141 2655 1445 2708 minoribus
1500 2658 1580 2710 ecl.
1613 2664 1711 2711 vet.
1753 2660 1760 2723 Ι
1802 2660 1849 2710 7.
1887 2656 2262 2726 Polyxenidas
2307 2659 2387 2711 ed.
2421 2664 2517 2712 vet.
2553 2675 2695 2725 quas
2743 2658 2853 2713 vidi

457 2759 637 2798 omnes
648 2763 665 2809 ;
709 2741 1074 2809 polyxenides
1120 2744 1236 2796 eod.
1272 2742 1361 2810 (B)
1406 2750 1455 2797 et
1489 2745 1568 2798 sie
1600 2745 1662 2796 in
1697 2760 1799 2811 seq.
1834 2731 1957 2809 l'lO.
1997 2751 2214 2810 poterat
2260 2746 2375 2800 eod.
2403 2747 2644 2813 plerique
2683 2745 2776 2811 (B)
2809 2751 2853 2798 et

457 2831 537 2883 ed.
582 2830 887 2896 antiquiss„
935 2831 1003 2896 ef.
1038 2830 1121 2882 M.
1156 2831 1389 2883 Mueller
1424 2848 1612 2898 proyr.
1652 2832 1895 2885 Stendal.
1923 2836 2077 2897 1888,
2108 2850 2167 2900 p.
2195 2836 2252 2899 7,·
2299 2833 2484 2899 potuit
2529 2831 2600 2899 M,
2647 2835 2851 2894 Aldus,

457 2916 704 2982 Mad-viq,
755 2918 1016 2981 potuerat
1058 2915 1139 2968 ed.
1176 2916 1310 2968 Par.
1345 2918 1500 2978 1510,
1550 2917 1801 2984 Moywnt.
1835 2920 1843 2980 Ι
1882 2916 2026 2969 redit
2061 2916 2123 2984 B,
2169 2919 2284 2972 eod.
2311 2935 2412 2973 ree.
2439 2920 2643 2985 (Voss.)
2684 2927 2739 2974 et
2775 2920 2851 2973 ed.

456 3002 742 3068 antiquiss.
754 3021 773 3067 ;
807 2999 970 3053 rediit
995 3000 1109 3068 M‘?‚
1145 3018 1246 3056 ree.
1284 3003 1444 3066 (Lo-v.
1469 3003 1543 3068 2),
1582 3003 1777 3057 Aldus.
1812 3004 1819 3068 1
1855 3006 1931 3057 12.
1960 3002 2206 3071 uagabat
2231 3004 2294 3056 B.
2327 3008 2335 3069 Ι
2367 3003 2533 3057 classi
2569 3018 2631 3058 se
2671 3020 2854 3059 eume-

456 3087 540 3140 nis
575 3086 637 3140 B.
671 3088 679 3152 Ι
715 3089 794 3141 14.
834 3101 941 3140 non
975 3087 1029 3139 M
1050 3087 1126 3140 S?
1171 3089 1436 3155 („vetusta
1480 3091 1784 3157 seripturw‘
1831 3091 2052 3158 Gelen.),
2099 3092 2178 3144 ed.
2205 3092 2573 3159 Basil.1535,·
2617 3111 2727 3148 om.
2761 3095 2850 3148 rel.

456 3176 570 3229 cod.
595 3173 683 3240 (B)
722 3181 771 3228 et
806 3175 886 3228 ed.
913 3176 1216 3242 antiquiss„
1255 3174 1406 3227 haud
1442 3178 1582 3231 coni.
1618 3178 2008 3232 Weissenborn.
2042 3180 2050 3243 1
2083 3192 2143 3230 se
2180 3178 2234 3230 M
2254 3177 2330 3231 S?
2364 3179 2571 3244 (eadem
2610 3187 2852 3246 „vetusta

454 3262 804 3329 scriptura&
848 3262 928 3315 ed.
955 3262 1132 3316 Basil.
1169 3267 1335 3330 1535;
1379 3262 1498 3330 ipse
1544 3262 1606 3327 B,
1644 3262 1823 3329 ipsum
1871 3266 1986 3319 eod.
2020 3281 2120 3320 ree.
2156 3272 2204 3319 et
2249 3267 2329 3320 ed.
2364 3273 2460 3320 vet.
2493 3273 2501 3326 Ι
2533 3267 2853 3333 superiores

455 3349 556 3412 (sie
596 3354 721 3414 „vet.
747 3348 991 3417 script.“)
1029 3352 1087 3400 et
1120 3351 1201 3403 ed.
1227 3350 1407 3404 Basil.
1432 3353 1600 3417 1535;
1650 3349 1898 3417 superior
1942 3355 2092 3403 esset
2125 3351 2189 3419 B,
2236 3352 2573 3418 superiorem
2620 3369 2754 3409 esse
2800 3359 2855 3409 et

454 3433 509 3485 M
546 3440 671 3488 teste
707 3436 876 3503 Moy„
914 3434 1250 3501 superiorem
1288 3451 1412 3488 esse
1449 3438 1564 3492 cod.
1591 3454 1691 3491 ree.
1718 3444 1768 3491 et
1802 3438 1878 3491 ed.
1907 3439 2193 3506 antiquiss.
2231 3440 2481 3504 (ceterum
2524 3441 2592 3506 ef.
2633 3442 2703 3496 de
2740 3445 2794 3497 h.
2820 3445 2852 3496 l.

465 3521 842 3575 Weissenborn
883 3521 964 3574 ed.
1010 3522 1237 3575 Weidm.
1265 3539 1324 3590 p.
1360 3526 1464 3575 154
1508 3530 1556 3577 et
1599 3525 1680 3576 M.
1707 3524 1940 3577 Mueller
1975 3541 2164 3592 proyr.
2201 3526 2430 3580 Stendal
2465 3530 2599 3580 1871
2635 3545 2697 3596 p.
2727 3530 2800 3596 2).
2844 3529 2849 3595 Ι

459 3608 537 3660 16.
584 3621 708 3658 cum
754 3624 855 3661 om.
880 3606 943 3674 B,
987 3610 1104 3659 tum
1151 3609 1267 3662 eod.
1292 3625 1393 3663 ree.
1420 3611 1667 3678 plerique
1703 3611 1901 3676 (Voss,
1940 3611 2075 3665 Lov.
2099 3613 2172 3677 2).
2206 3612 2214 3679 Ι
2253 3611 2310 3664 in
2354 3616 2558 3665 terram
2603 3613 2855 3668 hostium

453 3693 518 3758 B,
555 3693 634 3746 ed.
662 3699 756 3747 vet.
783 3710 918 3760 quas
953 3694 1071 3747 vidi
1107 3711 1287 3749 omnes
1296 3714 1316 3761 ,·
1350 3695 1407 3746 in
1443 3695 1717 3748 hosticum
1754 3698 1802 3750 I.
1828 3697 1896 3750 F.
1928 3696 2255 3766 Gronovius,
2292 3697 2564 3753 hosticum
2601 3705 2723 3757 cod.
2750 3722 2854 3760 ree.

455 3780 612 3846 (Lov.
639 3783 714 3845 2),
753 3778 1005 3833 hosticon
1050 3782 1123 3834 al.
1148 3798 1248 3835 ree.
1277 3782 1498 3848 (Voss).
1531 3787 1539 3847 Ι
