2925 4278
278 611 341 657 10

280 872 338 917 11

378 140 463 204 20
869 157 1095 210 LIBER
1131 157 1399 212 XXXVI.
1439 157 1606 212 CAP.
1649 161 1728 213 16.
1760 161 1840 213 17.
1881 158 1947 225 [a.
1975 159 2039 213 U.
2067 173 2111 211 c.
2139 160 2283 227 563j.

376 338 791 415 praestarent,
839 337 910 394 ut
954 331 1223 397 vertices
1270 332 1438 396 circa
1482 333 1789 397 montium
1834 338 2215 415 occuparent
2259 331 2769 413 obsiderentque,

377 437 461 481 ne
518 438 643 499 qua
701 417 969 482 transire
1022 418 1295 484 Romani
1353 425 1631 503 possent.
1723 418 1844 483 hoc
1902 419 2125 483 nuntio
2180 416 2397 484 audito
2458 417 2770 484 dissensio

378 505 542 568 inter
585 504 841 568 Aetolos
887 511 1025 568 orta
1071 511 1182 569 est.
1275 525 1424 588 pars
1469 505 1732 588 imperio
1778 503 2129 587 parendum
2174 505 2343 588 regis
2387 510 2579 586 atque
2625 525 2771 570 eun-

378 590 530 654 dum
577 592 941 671 censebant,
988 611 1136 674 pars
1181 590 1653 656 subsistendum
1685 591 2034 655 Heracleae
2079 590 2164 654 ad
2207 600 2536 673 utramque
2581 591 2771 656 fortu-

379 698 551 758 nam,
600 684 686 758 ut,
735 678 871 741 sive
917 677 1124 742 victus
1168 679 1250 742 ab
1301 679 1559 743 consule
1605 697 1719 741 rex
1767 684 1951 758 esset,
1999 677 2066 741 in
2114 677 2414 761 expedito
2460 677 2773 743 haberent

378 764 661 848 integras
694 764 908 846 copias
939 762 1023 826 ad
1055 783 1239 847 opem
1271 763 1642 847 propinquis
1673 763 2001 829 ferendam
2035 764 2397 828 civitatibus
2438 764 2587 845 suis,
2635 764 2772 830 sive

380 850 686 932 vinceret,
734 857 803 913 ut
849 849 1190 933 dissipatos
1234 851 1300 913 in
1348 850 1567 934 fugam
1612 851 1931 914 Romanos
1976 855 2517 933 persequerentur.
2608 857 2773 915 utra-

382 957 502 1018 que
549 956 696 1019 pars
741 956 869 1000 non
916 937 1148 1001 mansit
1195 935 1381 1000 modo
1428 937 1495 1000 in
1537 936 1854 1001 sententia
1900 956 2034 1016 sua,
2082 936 2195 1001 sed
2237 937 2430 1001 etiam
2469 944 2773 1001 exsecuta

381 1029 476 1087 est
531 1022 889 1087 consilium:
954 1022 1077 1086 duo
1138 1023 1314 1086 milia
1373 1023 1722 1087 Heracleae
1782 1023 2214 1103 substiterunt,
2277 1023 2402 1088 duo
2462 1023 2772 1088 trifariam

379 1107 587 1173 divisa
619 1107 1069 1174 Callidromum
1118 1116 1181 1173 et
1225 1108 1658 1174 Rhoduntiam
1705 1117 1767 1174 et
1797 1109 2136 1174 Tichiunta
2181 1148 2266 1155 ——
2310 1109 2471 1174 haec
2514 1109 2775 1174 nomina

381 1195 816 1260 cacuminibus
862 1202 1009 1259 sunt
1053 1233 1138 1240 —
1184 1215 1593 1279 occupavere.

586 1282 793 1345 XVII.
853 1282 1089 1346 Consul
1150 1288 1486 1365 postquam
1547 1283 1792 1346 insessa
1837 1282 2161 1364 superiora
2221 1282 2359 1345 loca
2403 1282 2485 1345 ab
2532 1282 2775 1347 Aetolis

378 1368 558 1449 vidit,
605 1369 687 1432 M.
737 1368 1028 1432 Porcium
1077 1368 1384 1433 Catonem
1444 1375 1509 1433 et
1563 1368 1633 1431 L.
1683 1368 2004 1432 Valerium
2050 1369 2348 1432 Flaccum
2410 1369 2775 1434 consulares

378 1456 623 1538 legatos
669 1474 811 1518 cum
858 1454 1026 1519 binis
1080 1455 1336 1519 milibus
1381 1454 1767 1520 delectorum
1823 1453 2108 1538 peditum
2152 1453 2237 1517 ad
2284 1454 2543 1518 castella
2585 1455 2775 1520 Aeto-

379 1541 600 1620 lorum,
648 1540 948 1604 Flaccum
1002 1541 1067 1603 in
1113 1539 1546 1605 Rhoduntiam
1595 1548 1657 1605 et
1701 1541 2060 1621 Tichiunta,
2120 1541 2429 1605 Catonem
2474 1541 2542 1604 in
2588 1541 2774 1607 Galli·

381 1626 670 1691 dromum
718 1627 926 1689 mittit.
1020 1627 1177 1709 ipse,
1241 1628 1607 1710 priusquam
1666 1626 1750 1690 ad
1812 1627 2060 1692 hostem
2107 1626 2321 1710 copias
2380 1625 2771 1710 admoveret,

380 1720 638 1778 vocatos
699 1713 764 1777 in
828 1712 1183 1777 contionem
1246 1714 1477 1777 milites
1536 1713 1768 1797 paucis
1820 1720 1916 1778 est
1975 1713 2300 1777 allocutus.
2398 1713 2773 1799 „plerosque

380 1799 660 1864 omnium
707 1798 1016 1880 ordinum,
1066 1800 1314 1879 milites,
1360 1800 1529 1864 inter
1558 1820 1672 1865 vos
1703 1819 1843 1864 esse
1875 1798 2081 1880 video,
2131 1800 2238 1880 qui
2283 1799 2351 1863 in
2391 1799 2514 1864 hac
2544 1799 2774 1865 eadem

380 1885 705 1969 provincia
746 1887 819 1949 T.
856 1885 1113 1961 Quincti
1160 1884 1352 1949 ductu
1398 1886 1808 1969 auspicioque
1853 1885 2292 1950 militaveritis.
2364 1886 2776 1952 Macedonico

378 1973 545 2036 bello
602 1971 1172 2055 inexsuperabilior
1231 1973 1426 2036 saltus
1487 1971 1569 2035 ad
1630 1992 1885 2036 amnem
1939 1974 2144 2036 Aoum
2205 1971 2327 2035 fuit
2387 1992 2575 2054 quam
2634 1972 2773 2057 hic;

381 2059 615 2143 quippe
663 2065 880 2142 portae
927 2066 1072 2122 sunt
1116 2057 1256 2138 hae,
1307 2065 1369 2122 et
1414 2079 1578 2122 unus
1622 2058 1789 2122 inter
1820 2057 1944 2122 duo
1990 2058 2189 2121 maria
2220 2058 2448 2124 clausis
2479 2059 2778 2125 omnibus

380 2146 553 2210 velut
612 2145 914 2210 naturalis
961 2146 1261 2210 transitus
1308 2153 1429 2229 est,
1487 2146 1868 2210 munitiones
1915 2151 1978 2210 et
2021 2146 2175 2209 locis
2221 2146 2776 2229 opportunioribus

380 2239 530 2296 tunc
591 2232 846 2296 fuerunt
909 2239 972 2296 et
1018 2232 1354 2296 validiores
1413 2232 1775 2315 impositae3
1834 2232 2149 2296 exercitus
2209 2232 2482 2297 hostium
2541 2232 2648 2297 ille
2709 2240 2778 2297 et

380 2338 640 2382 numero
702 2319 900 2383 maior
947 2325 1008 2382 et
1055 2319 1322 2381 militum
1385 2338 1621 2401 genere
1682 2318 2005 2400 aliquanto
2050 2318 2298 2382 melior:
2363 2318 2599 2403 quippe
2644 2319 2775 2384 illic

379 2404 758 2469 Macedones
789 2405 1194 2485 Thracesque
1242 2411 1305 2468 et
1334 2404 1535 2487 Illyrii
1569 2412 1767 2485 erant,
1814 2404 2243 2470 ferocissimae
2274 2423 2494 2469 omnes
2523 2412 2773 2488 genteS,

381 2491 483 2555 hic
529 2492 677 2574 Syri
724 2498 788 2555 et
831 2491 1095 2555 Asiatici
1143 2490 1367 2555 Graeci
1430 2497 1596 2571 sunt,
1659 2490 1968 2556 vilissima
2025 2511 2264 2574 genera
2323 2490 2651 2555 hominum
2711 2500 2776 2558 et

590 2685 633 2735 1.
680 2686 745 2733 ut
788 2681 1026 2734 vertices
1070 2681 1198 2748 BM,
1253 2680 1491 2734 uertices
1537 2681 1650 2736 eod.
1695 2697 1793 2735 ree.
1832 2686 1882 2734 et
1917 2682 1996 2734 ed.
2043 2682 2327 2749 antiquiss.
2381 2683 2388 2746 Ι
2437 2683 2486 2735 2.
2533 2680 2777 2735 Romani

378 2772 606 2835 possent
640 2768 686 2820 B
724 2775 773 2823 et
809 2770 924 2824 eod.
962 2785 1061 2822 rec.
1102 2769 1258 2834 (Lov.
1284 2771 1369 2834 2),·
1404 2768 1688 2820 Romanus
1731 2770 1921 2834 posset
1956 2768 2031 2821 ed.
2062 2773 2158 2821 vet.
2197 2784 2331 2836 quas
2367 2768 2485 2822 vidi
2519 2785 2720 2824 omnes.
2766 2768 2773 2838 Ι

381 2859 460 2910 10.
498 2855 885 2923 gallidromum
922 2855 969 2907 ἃ
1005 2854 1259 2908 rhodium
1295 2855 1403 2907 iam
1440 2855 1489 2907 ἃ
1524 2853 1797 2907 thiciunta
1830 2854 1894 2906 B.
1937 2857 1944 2920 1
1987 2856 2067 2908 12.
2106 2858 2398 2922 postquam
2435 2854 2578 2908 uidit
2612 2869 2777 2910 occu-

379 2947 511 3010 pata
548 2942 619 2995 ab
656 2940 879 2995 Aetolis
917 2940 1200 3009 superiora
1234 2940 1358 2993 loca
1394 2940 1500 2993 M‘e.
1544 2942 1551 3005 1
1595 2943 1675 2995 13.
1697 2940 2003 2993 consularis
2039 2940 2101 2993 B.
2144 2946 2149 3004 Ι
2196 2944 2276 2996 15.
2297 2940 2353 2993 in
2388 2940 2690 2995 rhoduntia
2727 2944 2777 2995 ἃ

377 3028 637 3081 triciunta
673 3032 926 3081 catonem
960 3027 1017 3079 in
1054 3025 1438 3094 gallidromum
1473 3027 1534 3079 Β.
1579 3028 1586 3093 Ι
1629 3030 1709 3082 18.
1747 3026 1843 3096 qui
1880 3026 1984 3079 hac
2020 3026 2083 3080 B.
2118 3032 2124 3091 Ι
2156 3030 2240 3082 20.
2276 3026 2779 3096 inexsuperabilior

378 3114 457 3181 M,
494 3113 954 3181 inexsuperabilis
989 3113 1052 3180 B,
1092 3114 1206 3169 eod.
1235 3131 1334 3169 ree.
1374 3112 1787 3181 (insuperabilis
1825 3115 1958 3169 Lov.
1985 3116 2059 3181 2),
2095 3113 2555 3181 inexsuperabilis
2591 3116 2777 3184 magis

379 3202 456 3255 ed.
485 3208 577 3255 vet.
612 3204 620 3266 Ι
652 3199 733 3253 fui
768 3200 826 3253 in
860 3200 973 3267 qua
1006 3199 1094 3253 hic
1121 3200 1180 3253 B.
1216 3202 1223 3267 Ι
1256 3203 1338 3255 21.
1366 3204 1496 3253 sunt
1533 3198 1669 3253 haec
1693 3199 1755 3254 B.
1789 3202 1798 3266 Ι
1829 3198 1885 3252 in
1921 3199 2033 3253 duo
2059 3201 2120 3252 B.
2155 3203 2163 3266 Ι
2195 3203 2277 3255 22.
2304 3199 2571 3253 transitus
2596 3200 2644 3253 ἃ
2673 3200 2739 3254 Β.
2765 3202 2772 3271 Ι

378 3287 709 3340 munitiones
764 3291 823 3339 et
873 3287 1010 3341 locis
1064 3286 1552 3355 opportunioribus
1605 3291 1738 3340 tunc
1791 3286 2016 3340 fuerunt
2061 3286 2142 3354 M,
2196 3285 2582 3340 munitioribus
2635 3292 2778 3341 tunc

378 3373 604 3426 fuerunt
637 3374 683 3426 B
721 3381 770 3428 et
803 3392 903 3429 ree.
942 3374 1282 3442 (munitiores
1318 3377 1449 3425 tunc
1487 3372 1712 3427 fuerunt
1746 3375 1880 3428 Lov.
1906 3373 1978 3438 2).
2020 3375 2027 3437 Ι
2068 3375 2152 3427 23.
2175 3377 2230 3425 et
2265 3372 2564 3426 validiores
2600 3371 2778 3441 impo-

380 3459 521 3512 sitae
557 3460 637 3526 M,
683 3461 731 3512 ἃ
776 3458 1143 3513 ualidioribus
1187 3459 1411 3526 inpositi
1447 3459 1495 3511 B
1533 3467 1580 3513 et
1616 3477 1717 3515 ree.
1755 3461 1833 3527 (et
1867 3458 2167 3512 ualidiores
2201 3458 2445 3527 impositi
2480 3461 2615 3515 Lov.
2641 3461 2722 3526 2).
2768 3461 2775 3530 Ι

378 3545 472 3598 ille
496 3544 543 3596 B
571 3543 704 3613 (8⁶2),
735 3546 848 3601 eod.
881 3563 979 3600 ree.
1018 3551 1068 3599 et
1103 3546 1180 3599 ed.
1208 3552 1334 3611 vet.;
1370 3544 1546 3597 multo
1580 3545 1651 3613 M,
1688 3544 1862 3598 multo
1899 3544 1993 3597 ille
2032 3545 2345 3600 dubitanter
2376 3546 2777 3602 Weissenborn.

379 3635 441 3686 in
477 3633 554 3686 ed.
595 3634 793 3686 Teubn.
820 3650 880 3700 p.
906 3632 1143 3698 XVIII,
1181 3634 1249 3699 ef.
1288 3634 1486 3699 ephem.
1522 3634 1709 3686 Austr.
1747 3636 1899 3686 1892.
1935 3633 1943 3698 Ι
1973 3633 2057 3687 25.
2096 3636 2337 3697 tracesq3
2374 3634 2432 3683 et
2467 3630 2619 3698 illyri
2656 3631 2724 3685 B.
2768 3635 2774 3700 Ι

379 3715 751 3771 ferocissimae
796 3718 860 3785 B,
906 3719 1022 3774 eod.
1055 3734 1155 3772 rec.
1191 3724 1241 3771 et
1274 3719 1353 3772 ed.
1389 3725 1516 3786 vet.;
1559 3717 2009 3772 bellicosissimae
2053 3718 2125 3770 M.
2167 3718 2174 3784 Ι
2213 3720 2298 3772 26.
2337 3716 2433 3770 siri
2470 3716 2518 3770 &
2554 3717 2778 3772 asiatici

379 3804 527 3873 regis
566 3809 694 3859 sunt
729 3804 792 3857 B.
826 3807 835 3872 Ι
866 3803 1131 3858 vilissima
1166 3804 1238 3872 B,
1274 3804 1557 3857 leuissima
1593 3806 1706 3860 cod.
1734 3822 1835 3859 ree.
1862 3810 1910 3859 et
1934 3805 2012 3858 ed.
2040 3811 2133 3859 vet.
2169 3805 2176 3867 Ι

2840 700 2865 746 5

2812 1132 2867 1177 10

2813 1562 2866 1610 15

2812 1995 2868 2041 20

2812 2425 2868 2474 25
