2925 4278
544 167 771 221 menn
809 165 1135 221 xxxvm.
1174 166 1564 224 CAP.13.14.
1604 169 1677 237 [a.
1705 169 1769 224 U.
1797 185 1841 222 ο.
1870 171 2013 239 565].
2347 153 2468 216 133

105 339 439 404 constantia
469 340 760 421 consulis,
809 341 915 423 qui
963 340 1155 405 misso
1200 340 1452 406 tribuno
1501 341 1722 422 edixit,
1772 362 1853 407 ne
1898 342 2171 408 Romani
2237 343 2468 408 milites

102 427 458 510 acciperent,
506 427 874 510 priusquam
919 428 1115 491 Attali
1169 428 1408 492 auxilia
1467 429 1883 512 accepissent.
1977 428 2125 494 inde
2184 428 2267 493 ad
2315 431 2464 496 Gor-

103 512 393 578 diutichos
441 513 609 595 quod
654 520 888 578 vocant
931 534 1296 598 processum
1342 521 1455 579 est.
1535 535 1618 579 ex
1665 535 1739 580 eo
1786 516 1921 580 loco
1967 515 2050 579 ad
2089 516 2304 581 Tabas
2348 523 2469 580 ter-

102 598 190 664 tiis
232 599 454 665 castris
497 607 893 684 perventum.
987 600 1053 663 in
1099 600 1331 666 finibus
1375 600 1732 666 Pisidarum
1778 602 1985 686 posita
2030 604 2182 667 urbs
2227 609 2344 683 est,
2402 604 2468 667 in

50 694 72 739 ὅ
102 706 162 749 ea
214 691 411 771 parte,
473 706 637 769 quae
698 687 904 771 vergit
963 686 1046 750 ad
1108 687 1558 771 Pamphylium
1618 709 1809 753 mare.
1887 689 2149 772 integris
2227 689 2469 754 viribus

101 772 355 855 regionis
404 772 540 838 eius
584 772 826 838 feroces
871 773 956 839 ad
1001 773 1366 837 bellandum
1412 774 1694 839 habebat
1739 775 1926 840 viros.
2022 782 2154 840 tum
2216 796 2467 858 quoque

100 860 319 940 equites
364 859 436 923 in
480 878 715 942 agmen
758 860 1116 925 Romanum
1165 861 1492 944 eruptione
1537 860 1710 924 facta
1755 861 1927 926 haud
1971 862 2219 927 modice
2265 863 2467 947 primo

99 945 311 1028 impetu
358 946 731 1030 turbavere3
780 945 1012 1011 deinde
1058 955 1126 1010 ut
1172 947 1466 1031 apparuit
1512 967 1631 1012 nec
1678 968 1938 1012 numero
1984 969 2054 1013 se
2085 969 2204 1013 nec
2234 950 2467 1013 virtute

99 1052 258 1113 pares
303 1052 467 1113 esse,
516 1032 583 1096 in
630 1033 851 1097 urbem
899 1033 1203 1116 compulsi
1248 1035 1503 1098 veniam
1559 1035 1786 1099 erroris
1847 1035 2169 1118 petebant,
2233 1035 2466 1101 dedere

51 1125 74 1171 0
100 1119 294 1182 urbem
339 1120 567 1203 parati.
619 1120 898 1201 quinque
946 1126 1007 1183 et
1051 1120 1280 1202 viginti
1326 1121 1567 1185 talenta
1610 1122 1859 1203 argenti
1907 1128 1969 1185 et
2024 1121 2246 1187 decem
2292 1123 2465 1187 milia

101 1204 469 1270 medimnum
516 1205 705 1270 tritici
751 1206 1079 1290 imperata.
1173 1206 1264 1270 ita
1307 1207 1372 1271 in
1421 1206 1811 1272 deditionem
1854 1209 2119 1290 accepti.

279 1293 457 1357 XIV.
506 1293 721 1359 Tertio
770 1292 919 1357 inde
965 1292 1068 1357 die
1123 1292 1207 1355 ad
1253 1293 1487 1357 Casum
1532 1313 1785 1358 amnem
1847 1300 2251 1378 perventum3
2315 1294 2465 1359 inde

100 1378 341 1458 profecti
398 1379 650 1443 Erizam
713 1381 933 1443 urbem
996 1380 1199 1462 primo
1260 1380 1500 1463 impetu
1561 1388 1880 1463 ceperunt.
1971 1379 2054 1443 ad
2098 1381 2465 1446 Thabusion

102 1466 401 1530 castellum
448 1465 792 1530 imminens
836 1465 1081 1529 flumini
1127 1465 1287 1531 Indo
1333 1473 1593 1530 ventum
1641 1472 1755 1547 est,
1805 1467 1905 1530 oui
1951 1467 2190 1531 fecerat
2233 1488 2466 1532 nomen

52 1549 273 1615 blndus
318 1553 402 1617 ab
455 1551 795 1636 elephanto
842 1551 1141 1615 deiectus.
1235 1552 1408 1615 haud
1469 1554 1687 1637 procul
1748 1553 1830 1617 ab
1879 1553 2119 1637 Cibyra
2176 1555 2462 1634 aberant,

101 1656 200 1700 nec
240 1638 475 1723 legatio
533 1638 662 1702 ulla
721 1658 762 1701 a
821 1639 1130 1721 Moagete,
1193 1644 1468 1722 tyranno
1530 1639 1802 1704 civitatis
1858 1640 2011 1721 eius,
2074 1639 2328 1705 homine
2382 1641 2467 1705 ad

99 1724 284 1788 omnia
333 1722 534 1788 infido
589 1730 781 1805 atque
838 1725 1212 1808 importum,
1270 1725 1588 1790 veniebat.
1681 1726 1764 1789 ad
1825 1726 2268 1810 temptandum
2332 1728 2467 1792 eius

99 1809 348 1875 animum
399 1811 472 1876 O.
507 1810 803 1874 Helvium
852 1831 994 1876 cum
1045 1817 1340 1892 quattuor
1384 1812 1640 1877 milibus
1684 1812 1971 1896 peditum
2005 1819 2068 1877 et
2098 1814 2467 1898 quingentis

101 1896 388 1975 equitibus
436 1896 660 1962 consul
720 1897 1083 1980 praemittit.
1177 1897 1327 1961 huie
1380 1899 1622 1982 agmini
1676 1899 1804 1963 iam
1864 1899 2027 1964 fines
2083 1900 2467 1983 ingredienti

51 1983 76 2029 Ὁ
100 1979 268 2065 legati
312 1990 723 2051 occurrerunt
776 1984 1144 2048 nuntiantes
1203 1991 1497 2067 paratum
1552 2005 1692 2050 esse
1750 1993 2093 2068 tyrannum
2156 1987 2467 2071 imperata

103 2065 307 2156 facere;
353 2071 649 2151 orabant,
697 2076 765 2135 ut
796 2075 1058 2154 pacatus
1096 2070 1258 2135 fines
1290 2071 1478 2172 iniret
1508 2071 1956 2173 cohiberetque
1988 2094 2028 2136 a
2057 2074 2465 2157 populatione

101 2158 684 2328 ffififflssffifflesg
727 2158 2466 2330 3¹5332..333⁶2g333¹¹2332¹2m21¹3{035‘3533232

102 2325 167 2390 ad
205 2331 525 2398 consulem
588 2331 834 2413 legatos
890 2330 1090 2395 iussit.
1188 2331 1416 2412 quibus
1479 2331 1704 2395 eadem
1763 2332 2188 2398 referentibus
2248 2335 2466 2398 consul

53 2415 76 2460 '5
107 2434 323 2498 „neque
383 2417 698 2482 Romani“
761 2416 966 2498 inquit
1030 2416 1275 2497 „bonae
1333 2417 1679 2482 voluntatis
1740 2419 1937 2483 ullum
2000 2420 2251 2502 signum
2314 2440 2468 2503 erga

101 2519 195 2565 nos
234 2503 495 2586 tyranni
542 2503 870 2582 habemus,
920 2509 982 2566 et
1028 2503 1236 2586 ipsum
1282 2502 1477 2568 talem
1522 2524 1662 2569 esse
1707 2505 1871 2569 inter
1917 2525 2137 2570 omnes
2199 2513 2465 2587 constat,

279 2697 323 2749 1.
370 2689 452 2762 qd
497 2692 663 2745 misso
707 2691 770 2758 B,
816 2690 911 2760 qui
957 2690 1185 2745 dimisso
1230 2696 1490 2762 complwr.
1526 2695 1640 2748 eod.
1676 2711 1777 2750 rec.
1811 2694 1819 2762 Ι
1852 2697 1899 2749 2.
1948 2693 2339 2749 Gordiutichos
2385 2698 2465 2751 ed.

99 2773 248 2832 Basa.
282 2785 451 2848 1531;
495 2777 827 2832 cordiuticos
882 2779 994 2834 eod.
1023 2782 1273 2849 plerique
1318 2779 1418 2847 (B).
1452 2783 1460 2846 Ι
1494 2784 1540 2835 3.
1588 2779 1737 2848 quod
1781 2782 1861 2836 ed.
1897 2783 2073 2836 Basil.
2110 2786 2277 2849 1531,·
2327 2797 2468 2850 quos

101 2863 192 2914 cod.
228 2865 310 2933 (B)
354 2872 405 2921 et
451 2866 532 2920 ed.
561 2866 739 2934 prior.
783 2866 792 2931 Ι
831 2863 903 2918 ad
950 2864 1281 2919 tabaszertis
1327 2866 1524 2920 castris
1568 2865 1631 2919 B.
1673 2871 1681 2934 Ι
1724 2870 1773 2921 5.
1819 2866 2051 2936 integris
2094 2867 2328 2922 urbibus
2363 2868 2463 2938 Β.Ι

101 2947 136 2998 7·
168 2951 372 3017 equites
419 2967 619 3020 agmen
664 2953 801 3009 coni.
838 2954 886 3006 Ι.
912 2953 980 3007 F.
1013 2953 1338 3009 Gronovius.
1373 2956 1381 3019 Ι
1413 2952 1630 3006 modico
1674 2953 1721 3006 B
1769 2961 1817 3008 et
1860 2972 1959 3009 rec.
1987 2957 2246 3024 complur.
2281 2956 2289 3022 Ι
2321 2959 2369 3011 8.
2408 2970 2468 3009 se

100 3048 180 3086 mn.
202 3034 261 3088 B.
292 3041 301 3103 Ι
332 3041 381 3093 9.
421 3037 475 3089 ἰῑι
512 3037 705 3091 urbem
742 3039 855 3095 cod.
882 3057 982 3094 rec.
1010 3046 1058 3093 et
1094 3041 1173 3093 ed.
1200 3047 1295 3095 vet.
1306 3059 1326 3107 ;
1361 3038 1561 3093 deinde
1597 3040 1659 3092 B.
1693 3043 1702 3105 Ι
1737 3043 1815 3095 11.
1853 3039 2095 3093 modium
2122 3041 2191 3095 M.
2226 3043 2233 3108 Ι
2269 3044 2348 3097 13.
2377 3057 2468 3094 ue-

99 3116 240 3175 rizam
264 3123 325 3177 Β.
359 3128 368 3190 Ι
400 3124 473 3178 ab
509 3124 769 3178 tabusion
804 3125 865 3178 B.
900 3127 908 3192 Ι
944 3127 1024 3180 14.
1062 3125 1153 3178 cui
1189 3125 1721 3179 fecerat—deiectus
1756 3145 1889 3181 num
1926 3145 1962 3180 a
1985 3128 2150 3181 Livio
2185 3129 2315 3196 sint,
2342 3131 2466 3183 dub.

109 3205 461 3266 Weissenborn
494 3212 574 3266 ed.
613 3213 808 3267 Teubn.
841 3231 901 3283 p.
932 3213 1140 3267 XXII.
1173 3215 1182 3279 Ι
1216 3215 1296 3267 16.
1343 3229 1377 3265 a
1421 3217 1677 3281 meagete
1713 3213 1774 3266 Β.
1811 3218 1817 3277 Ι
1852 3216 1930 3269 18.
1970 3212 2229 3266 Helvium
2278 3216 2349 3279 (et
2382 3217 2468 3270 in-

97 3294 172 3356 fra
212 3294 248 3366 ,ξ
283 3302 318 3352 6
364 3298 620 3365 Helvius)
666 3300 745 3352 ed.
783 3301 960 3353 Basil.
997 3303 1171 3366 1535;
1232 3298 1502 3352 muluium
1555 3297 1839 3364 (muluius)
1895 3299 2009 3354 cod.
2057 3299 2160 3367 (B),
2206 3300 2468 3353 manlium

97 3387 318 3439 nonnull.
347 3387 463 3441 cod.
489 3403 589 3440 rec.
620 3393 669 3440 et
708 3387 788 3440 ed.
806 3387 983 3455 prior.
1018 3388 1025 3452 Ι
1058 3386 1105 3439 8z
1144 3404 1210 3437 .x.
1248 3385 1534 3454 equitibus
1577 3386 1640 3438 B.
1674 3388 1682 3453 Ι
1716 3388 1796 3440 19.
1833 3379 1973 3439 fines
2019 3385 2351 3454 ingredienti
2397 3389 2469 3441 le-

96 3467 194 3532 gati
226 3470 298 3539 M,
333 3473 544 3538 Aldus;
586 3471 774 3539 primis
810 3470 1249 3541 ingredientibus
1285 3475 1376 3527 rel.
1405 3474 1520 3528 eod.
1548 3472 1634 3540 (B)
1671 3478 1721 3525 et
1756 3473 1835 3526 ed.
1855 3473 2052 3541 prior„
2085 3473 2291 3539 primos
2328 3469 2468 3529 fines

97 3550 404 3622 ingredienti
447 3557 621 3627 legati
665 3561 802 3615 coni.
829 3561 1002 3614 Koch.
1038 3562 1046 3625 Ι
1078 3562 1159 3614 20.
1206 3559 1431 3628 tyranni
1467 3558 1528 3611 B.
1562 3560 1570 3627 Ι
1602 3561 1685 3614 21.
1732 3557 1856 3610 finis
1894 3558 1957 3612 B.
1991 3560 1999 3624 1
2031 3562 2114 3613 22.
2161 3559 2219 3613 in
2263 3576 2468 3614 corona

97 3653 241 3695 aurea
274 3643 590 3711 quindecim
625 3644 832 3699 talenta
879 3646 994 3701 eod.
1021 3647 1270 3714 plerique
1294 3645 1379 3712 (B)
1409 3651 1459 3699 et
1495 3646 1574 3699 ed.
1600 3646 1917 3713 antiqussss.;
1952 3660 2210 3699 coronam
2242 3663 2467 3701 auream

97 3724 386 3789 quindecim
429 3729 701 3784 talentum
744 3734 909 3800 pauci
956 3734 1070 3788 cod.
1096 3749 1214 3794 rec„
1254 3733 1451 3799 Aldus,
1489 3730 1546 3784 in
1591 3745 1848 3784 coronam
1892 3747 2117 3785 auream
2151 3733 2463 3801 quindecim

96 3810 282 3867 talenta
318 3816 400 3870 ed.
425 3817 603 3871 Basil.
630 3820 783 3870 1535.
816 3820 824 3882 Ι
855 3820 938 3872 23.
966 3818 1224 3886 ¹integros
1261 3836 1365 3873 om.
1390 3817 1452 3873 B.
1488 3820 1495 3885 Ι

2508 442 2570 488 11

2507 789 2570 837 12

2505 1139 2569 1186 13
