2925 4278
701 151 926 204 LIBER
965 150 1233 204 XXXVI.
1272 149 1438 204 CAP.
1466 154 1548 206 31.
1577 155 1661 207 32.
1701 153 1766 219 [a.
1798 152 1863 206 U.
1890 168 1933 206 o.
1962 153 2103 221 563J.
2508 136 2592 200 35

196 325 504 391 Messenii
549 325 686 390 sine
730 344 1033 408 responso
1081 322 1357 389 dimissis
1402 324 1630 408 legatis
1677 331 2005 389 moverant
2066 326 2345 405 bellum;
2409 327 2591 410 trepi-

199 413 393 494 dique
438 432 646 476 rerum
693 432 966 491 suarum,
1016 431 1158 474 cum
1202 411 1329 474 iam
1375 431 1530 494 ager
1576 411 1774 475 effuso
1831 412 2113 475 exercitu
2167 412 2406 496 passim
2460 433 2594 477 ure-

198 506 371 563 retur
418 504 750 580 castraque
795 517 993 581 prope
1053 496 1274 560 urbem
1334 497 1486 579 poni
1549 496 1859 577 viderent,
1922 498 2165 581 legatos
2227 498 2595 563 Chalcidem

197 585 283 649 ad
327 586 401 649 Τ.
451 583 838 663 Quinctium,
900 589 1221 648 auctorem
1282 583 1611 663 libertatis,
1673 583 1997 664 miserunt,
2063 584 2171 665 qui
2228 585 2596 649 nuntiarent

133 686 165 732 5
206 671 556 736 Messenios
601 670 923 750 Romanis,
972 689 1097 733 non
1144 668 1421 733 Achaeis
1467 675 1530 734 et
1574 670 1820 752 aperire
1865 676 2081 753 portas
2128 677 2191 734 et
2237 669 2470 735 dedere
2501 692 2595 735 ur-

203 759 351 823 bem
397 763 653 840 paratos
701 775 856 820 esse.
948 754 1183 820 auditis
1227 755 1453 839 legatis
1520 756 1838 839 extemplo
1898 756 2221 840 profectus
2267 755 2597 832 Quinctius

202 865 245 907 a
289 842 672 926 Megalopoli
716 841 801 905 ad
845 841 1227 925 Diophanen
1272 848 1627 925 praetorem
1671 842 2069 908 Achaeorum
2115 843 2304 923 misit,
2353 843 2461 924 qui
2493 863 2596 906 ex-

203 929 441 1013 templo
486 927 790 994 reducere
835 948 980 992 eum
1025 949 1066 992 a
1109 928 1401 992 Messene
1446 928 1793 992 exercitum
1840 936 1904 993 et
1948 930 2168 994 venire
2212 929 2297 993 ad
2328 949 2396 994 se
2426 930 2596 994 iube-

202 1023 317 1081 ret.
411 1013 579 1081 dicto
623 1014 835 1098 paruit
879 1013 1281 1097 Diophanes3
1331 1020 1393 1078 et
1439 1015 1647 1080 soluta
1692 1015 2022 1080 obsidione
2069 1015 2406 1099 expeditus
2437 1016 2593 1098 ipse,

98 1123 163 1171 10
200 1120 614 1185 praegressus
657 1120 912 1183 agmen,
961 1101 1128 1164 circa
1173 1100 1554 1181 Andaniam,
1601 1121 1870 1185 parvum
1916 1102 2220 1185 oppidum
2265 1103 2429 1166 inter
2474 1103 2597 1165 Me-

200 1187 544 1271 galopolim
588 1187 1053 1268 Messenenque
1097 1187 1392 1270 positum,
1440 1185 1736 1262 Quinctio
1784 1189 2082 1272 occurrit;
2133 1195 2195 1252 et
2256 1208 2397 1252 cum
2458 1208 2597 1251 cau-

202 1294 308 1339 sas
371 1274 866 1357 oppugnationis
935 1279 1301 1356 exponeret,
1372 1274 1749 1356 castigatum
1816 1275 2061 1354 leniter,
2133 1273 2300 1355 quod
2356 1280 2598 1337 tantam

200 1380 339 1424 rem
385 1361 522 1424 sine
567 1360 942 1424 auctoritate
988 1380 1102 1423 sua
1149 1365 1409 1423 conatus
1455 1365 1644 1440 esset,
1678 1359 1994 1424 dimittere
2027 1360 2376 1424 exercitum
2416 1359 2598 1424 iussit

202 1466 326 1510 nec
372 1466 596 1528 pacem
641 1446 923 1510 omnium
969 1445 1134 1510 bono
1178 1452 1422 1529 partam
1484 1446 1756 1510 turbare.
1849 1446 2182 1511 Messeniis
2241 1446 2597 1529 imperavit,

96 1555 162 1601 15
200 1539 275 1596 ut
320 1533 576 1597 exsules
622 1530 999 1596 reducerent
1045 1539 1109 1595 et
1152 1531 1550 1595 Achaeorum
1599 1532 1845 1596 concilii
1909 1539 2153 1616 essent3
2216 1533 2268 1597 si
2327 1553 2451 1614 qua
2497 1531 2599 1595 ha-

201 1620 450 1698 berent,
497 1617 578 1682 de
626 1619 855 1700 quibus
899 1625 1010 1682 aut
1054 1637 1345 1682 recusare
1390 1624 1502 1681 aut
1545 1618 1614 1680 in
1659 1625 1980 1700 posterum
2027 1620 2238 1683 caveri
2300 1619 2420 1683 sibi
2476 1619 2598 1682 vel-

201 1706 357 1785 lent,
406 1704 776 1770 Corinthum
820 1703 904 1768 ad
952 1724 1019 1768 se
1075 1704 1386 1768 venirent.
1482 1704 1859 1788 Diophanen
1924 1705 2258 1769 concilium
2319 1704 2598 1770 Achaeo-

204 1812 347 1855 rum
393 1791 712 1873 extemplo
760 1791 881 1855 sibi
926 1791 1231 1874 praebere
1276 1791 1477 1855 iussit.
1570 1791 1660 1854 ibi
1720 1790 1800 1856 de
1854 1791 2187 1873 Zacyntho
2247 1792 2599 1873 intercepta

206 1898 322 1961 per
365 1876 657 1941 fraudem
702 1877 925 1942 insula¹
959 1883 1218 1958 questus
1262 1876 1627 1960 postulavit,
1689 1883 1760 1940 ut
1803 1877 2234 1941 restitueretur
2276 1877 2596 1941 Romanis

2665 333 2697 379 4

2667 419 2697 465 5

2674 1463 2703 1507 9

2645 1720 2703 1764 10

102 1985 171 2034 20
208 1963 491 2047 Philippi
552 1963 970 2027 Macedonum
1037 1963 1207 2046 regis
1274 1962 1647 2045 Zacynthus
1714 1962 1953 2046 fuerat3
2033 1983 2172 2026 eam
2242 1962 2601 2028 mercedem
2643 1978 2701 2022 11

205 2047 628 2132 Amynandro
679 2048 959 2129 dederat,
1022 2056 1089 2112 ut
1148 2069 1262 2132 per
1315 2048 1766 2113 Athamaniam
1827 2048 2057 2113 ducere
2119 2049 2468 2113 exercitum
2534 2050 2600 2112 in

205 2135 598 2221 superiorem
643 2143 889 2219 partem
934 2135 1223 2200 Aetoliae
1253 2135 1487 2216 liceret,
1521 2157 1648 2217 qua
1678 2134 2085 2220 expeditione
2116 2135 2331 2201 fractis
2374 2135 2602 2200 animis

205 2223 466 2287 Aetolos
523 2222 821 2305 compulit
880 2221 965 2286 ad
1025 2221 1366 2305 petendam
1426 2242 1669 2305 pacem.
1762 2220 2180 2305 Amynander
2239 2222 2602 2306 Philippum
2643 2246 2703 2291 12

204 2308 809 2393 Megalopolitanum
869 2308 1114 2372 insulae
1167 2307 1507 2392 praefecit,
1579 2316 1800 2391 postea
1858 2329 1973 2392 per
2031 2309 2287 2389 bellum,
2351 2329 2472 2391 quo
2534 2328 2602 2373 se

101 2418 166 2465 25
205 2394 524 2460 Antiocho
568 2394 877 2459 adversus
920 2396 1239 2459 Romanos
1286 2394 1635 2474 coniunxit,
1681 2394 1975 2479 Philippo
2020 2394 2103 2459 ad
2150 2415 2415 2459 munera
2452 2395 2602 2458 belli

204 2488 504 2546 revocato
550 2481 885 2545 Hieroclen
931 2479 1420 2564 Agrigentinum
1467 2500 1893 2545 successorem
1939 2481 2127 2545 misit.
2207 2481 2485 2546 XXXII.
2533 2482 2599 2544 Is

203 2574 349 2652 post
393 2568 616 2649 fugam
652 2568 743 2632 -ab
790 2567 1235 2650 Thermopylis
1265 2566 1564 2631 Antiochi
1593 2566 2204 2649 Amynandrumque
2233 2588 2274 2631 a
2304 2566 2597 2650 Philippo

207 2653 594 2719 Athamania
638 2654 889 2737 pulsum
935 2653 1145 2717 missis
1188 2653 1350 2718 ultro
1398 2652 1482 2717 ad
1515 2652 1895 2736 Diophanen
1929 2659 2286 2737 praetorem
2317 2653 2595 2717 Achaeo·

202 2761 347 2805 rum
390 2739 633 2804 nuntiis
678 2740 950 2823 pecunia
994 2746 1218 2823 pactus
1272 2739 1545 2803 insulam
1589 2738 1865 2804 Achaeis
1923 2738 2201 2803 tradidit.
2295 2738 2360 2804 id
2423 2759 2599 2823 prae·

99 2849 165 2896 30
202 2827 402 2891 mium
465 2826 615 2890 belli
679 2846 861 2891 suum
923 2845 1063 2891 esse
1129 2845 1402 2907 aequum
1465 2825 1813 2890 censebant
1872 2826 2174 2891 Romani:
2237 2846 2364 2890 non
2426 2826 2596 2891 enim

201 2914 307 2978 Μ’.
340 2912 616 2977 Acilium
663 2912 984 2977 consulem
1029 2912 1438 2995 legionesque
1484 2913 1806 2976 Romanas
1852 2912 2174 2996 Diophani
2222 2919 2284 2976 et
2323 2911 2596 2976 Achaeis

416 3105 464 3156 7.
503 3117 537 3155 a
573 3100 776 3169 megali
813 3100 885 3154 ad
920 3100 982 3154 B.
1025 3103 1032 3167 Ι
1071 3098 1398 3168 Diophanen
1439 3101 1731 3170 Siyoniu83
1778 3100 2093 3169 diaphanen
2140 3102 2255 3156 cod.
2290 3102 2297 3165 Ι
2343 3104 2391 3156 8.
2428 3098 2598 3152 dedu-

203 3203 328 3243 cere
366 3190 506 3245 co‘ni.
534 3190 736 3243 Duker.
772 3190 779 3255 Ι
811 3191 860 3244 9.
887 3185 1190 3254 diaphanes
1216 3189 1349 3254 cod„
1386 3194 1434 3241 et
1469 3190 1552 3242 sic
1586 3190 1649 3241 in
1683 3206 1786 3256 seq.
1821 3188 1828 3252 Ι
1866 3190 1944 3242 10.
1972 3185 2289 3239 Andaniam
2314 3188 2393 3241 ed.
2420 3188 2596 3240 Basil.

203 3280 370 3342 1531,·
424 3273 662 3327 endania
705 3275 768 3337 B,
817 3273 1108 3327 eudaniam
1154 3275 1268 3328 cod.
1305 3291 1406 3329 rec.
1452 3275 1668 3340 (Voss.)
1714 3281 1761 3328 et
1818 3275 1899 3328 ed.
1935 3275 2247 3342 antiquiss,
2299 3272 2600 3326 eridaniam

203 3363 338 3417 Lov.
362 3366 415 3416 2
451 3361 459 3427 Ι
494 3363 575 3416 16.
614 3364 713 3413 aut
746 3374 1006 3413 recusare
1045 3364 1141 3412 aut
1184 3359 1239 3411 in
1276 3364 1558 3426 posterum
1594 3360 1664 3427 M,
1711 3361 1920 3423 Aldus,-
1965 3365 2061 3412 aut
2107 3374 2362 3413 recusare
2407 3360 2462 3411 in
2507 3375 2601 3427 po-

205 3453 415 3500 sterum
461 3450 562 3499 aut
603 3448 695 3502 rel.
735 3447 849 3502 cod.
885 3446 974 3514 (B)
1017 3453 1066 3500 et
1110 3447 1191 3500 ed.
1229 3448 1515 3514 antiquiss.
1557 3446 1565 3512 Ι
1606 3445 1789 3499 caveri
1834 3446 1909 3514 B,
1956 3446 2068 3500 cod.
2105 3463 2235 3513 rec.;
2287 3461 2484 3499 cauere
2530 3446 2601 3512 M,

205 3534 340 3590 Lov.
373 3537 412 3589 2
457 3539 506 3587 et
551 3534 630 3587 ed.
666 3541 760 3587 vet
794 3535 918 3599 117.
965 3530 1275 3600 diaphenen
1319 3532 1381 3585 B.
1423 3534 1432 3597 Ι
1473 3534 1556 3586 26.
1604 3536 1837 3586 evocato
1883 3534 2020 3587 coni.
2069 3534 2313 3601 Madvig).
2357 3533 2363 3599 Ι
2407 3535 2490 3587 27.
2528 3531 2599 3585 ab

206 3618 422 3673 thermo
469 3618 714 3672 antiochi
757 3619 819 3673 B.
861 3620 869 3686 Ι
921 3622 1002 3674 29.
1050 3618 1285 3686 pecunia
1328 3618 1392 3686 B,
1430 3620 1510 3673 ed.
1545 3620 1729 3673 Parm.
1759 3623 1913 3684 1480,
1952 3621 2019 3686 cf.
2049 3620 2406 3685 XXXVIII,
2433 3622 2516 3687 24,
2543 3624 2604 3686 4;

207 3705 498 3773 pecuniam
547 3707 661 3761 cod.
698 3723 795 3760 rec.
839 3708 848 3771 Ι
890 3705 1065 3772 pactis
1109 3705 1171 3768 B,
1219 3706 1359 3760 Lov..
1386 3709 1439 3772 2,
1486 3706 1566 3759 ed.
1603 3707 1790 3760 Parm.
1817 3709 1971 3759 1480.
2007 3707 2014 3772 Ι
2045 3704 2216 3757 tradit
2251 3705 2313 3772 B,
2351 3707 2597 3760 nonnull.

210 3792 320 3846 cod.
346 3809 448 3847 rec.
476 3798 526 3845 et
561 3792 642 3845 ed.
668 3799 793 3847 ante
829 3793 1051 3846 Aldum.
1087 3792 1096 3858 Ι
1128 3794 1211 3846 31.
1249 3807 1318 3845 111.
1346 3790 1565 3845 acilium
1600 3791 1662 3845 B.
1697 3795 1703 3856 1
1737 3790 1995 3858 diapheni
2033 3790 2094 3843 B.
2128 3794 2135 3856 Ι

2223 3877 2287 3928 3*

2678 2505 2699 2550 1

2672 2765 2700 2809 2
