2925 4278
372 129 454 193 10
905 145 1129 198 LIBER
1167 146 1429 200 XXXVI.
1470 146 1635 199 CAP.
1663 151 1711 203 8.
1737 152 1784 201 9.
1824 150 1896 214 [a.
1924 148 1990 203 U.
2017 165 2061 202 c.
2089 150 2228 217 563].

367 320 452 385 ad
499 321 1007 388 conveniendum
1056 320 1406 408 [exercitui]
1455 321 1698 387 Pheras
1745 329 1842 387 est
1895 321 2156 388 edictus.
2249 323 2472 389 eodem
2527 332 2591 389 et
2644 344 2757 390 rex

298 425 328 471 3
368 427 512 472 cum
566 409 697 474 suis
752 409 949 492 copiis
1004 407 1340 473 confestim
1394 409 1590 473 venit.
1683 410 1791 473 ubi
1852 408 2005 473 dum
2059 411 2382 493 opperitur
2434 413 2759 494 Amynan-

369 495 550 559 drum
610 503 801 579 atque
862 496 1139 576 Aetolos,
1207 494 1573 579 Philippum
1633 496 2237 597 Megalopolitanum
2301 518 2443 561 cum
2512 497 2759 564 duobus

367 582 622 648 milibus
668 583 994 648 hominum
1039 581 1123 645 ad
1166 581 1441 665 legenda
1487 602 1632 647 ossa
1663 582 2082 647 Macedonum
2115 583 2283 647 circa
2315 585 2759 669 Cynoscepha-

297 685 329 729 4
365 669 478 749 las,
526 671 636 734 ubi
675 669 1061 734 debellatum
1108 675 1242 733 erat
1279 689 1418 733 cum
1451 668 1766 752 Philipp0,
1816 669 2005 749 misit,
2053 669 2191 734 sive
2235 673 2315 736 ab
2364 672 2523 754 ipso,
2571 694 2758 754 quae-

364 762 542 820 rente
589 757 708 822 sibi
757 754 1371 821 commendationem
1425 754 1509 819 ad
1556 755 1973 820 Macedonum
2025 763 2286 858 gentem
2333 765 2399 822 et
2449 758 2760 823 invidiam

362 842 519 925 regi,
569 843 736 924 quod
784 842 1132 925 insepultos
1172 842 1402 907 milites
1448 841 1823 924 reliquisset,
1871 843 2167 923 monitus,
2232 844 2367 908 sive
2422 847 2503 910 ab
2568 846 2760 910 insita

365 929 623 1011 regibus
666 930 952 994 vanitate
1011 928 1096 991 ad
1140 928 1474 993 consilium
1534 928 1747 1012 specie
1802 930 2101 1012 amplum,
2164 951 2232 994 re
2293 930 2484 995 inane
2545 934 2759 999 animo

296 1030 327 1077 5
364 1014 630 1080 adiecto.
702 1016 979 1081 tumulus
1026 1022 1121 1079 est
1165 1015 1230 1078 in
1277 1036 1474 1079 unum
1506 1015 1772 1095 ossibus,
1821 1035 1985 1097 quae
2031 1017 2266 1099 passim
2314 1024 2512 1081 strata
2557 1027 2758 1100 erant,

2837 704 2868 749 5

365 1104 754 1167 coacervatis
799 1102 1023 1181 factus,
1074 1102 1181 1183 qui
1226 1102 1466 1166 nullam
1511 1102 1784 1184 gratiam
1830 1101 1912 1165 ad
1958 1102 2359 1184 MacedonaS,
2409 1104 2622 1168 odium
2668 1106 2760 1169 in·
2803 1135 2866 1181 10

296 1204 326 1250 6
362 1210 524 1271 gens
568 1189 652 1252 ad
697 1189 1061 1273 Philippum
1121 1188 1336 1252 movit.
1428 1189 1645 1269 itaque
1692 1189 1800 1270 qui
1859 1187 1943 1252 ad
2004 1188 2069 1252 id
2129 1196 2380 1273 tempus
2439 1191 2760 1256 fortunam

366 1282 533 1340 esset
578 1276 909 1341 habiturus
954 1275 1021 1339 in
1068 1275 1348 1355 consilio,
1395 1275 1451 1340 is
1498 1276 1818 1359 extemplo
1864 1274 1948 1338 ad
1993 1276 2075 1339 M.
2109 1277 2420 1341 Baebium
2465 1299 2761 1361 proprae-

364 1369 564 1427 torem
610 1363 800 1444 misit,
848 1362 1230 1426 Antiochum
1276 1363 1341 1425 in
1373 1361 1773 1426 Thessaliam
1817 1362 2124 1444 impetum
2173 1362 2438 1447 fecisse3
2486 1365 2538 1428 si
2586 1363 2761 1430 vide-

363 1456 534 1513 retur
581 1450 659 1529 ei,
706 1456 990 1514 moveret
1036 1469 1117 1513 ex
1174 1449 1486 1531 hibernis3
1545 1467 1613 1512 88
1660 1449 1914 1513 obviam
1961 1469 2418 1531 processurum,
2466 1457 2555 1531 ut,
2604 1451 2761 1533 quid

365 1534 686 1617 agendum
734 1542 920 1615 esset,
970 1535 1416 1599 consultarent.

299 1638 323 1682 1
573 1623 687 1685 IX.
736 1620 1049 1685 Antiocho
1094 1620 1181 1684 ad
1224 1620 1465 1685 Pheras
1511 1621 1638 1684 iam
1686 1629 1893 1685 castra
1938 1619 2218 1702 habenti,
2267 1623 2377 1687 ubi
2422 1624 2765 1688 coniunxe-

363 1713 509 1771 rant
555 1709 613 1772 ei
661 1728 728 1773 88
759 1708 968 1773 Aetoli
1016 1714 1079 1771 et
1111 1707 1547 1790 Amynander,
1596 1708 1790 1790 legati
1836 1709 1917 1772 ab
1951 1708 2172 1772 Larisa
2217 1716 2530 1773 venerunt
2574 1730 2767 1791 quae-

363 1799 596 1863 rentes
660 1793 825 1874 quod
890 1796 970 1858 ob
1032 1792 1273 1857 factum
1328 1793 1649 1857 dictumve
1694 1794 2142 1858 Thessalorum
2203 1795 2368 1860 bello
2423 1796 2768 1862 lacesseret

297 1895 326 1940 ⁶2
367 1900 492 1949 eos,
558 1882 745 1944 simul
791 1887 1064 1959 orantes,
1126 1885 1197 1942 ut
1256 1887 1496 1944 remoto
1543 1882 1826 1945 exercitu
1887 1901 1999 1964 per
2058 1881 2322 1964 legatos,
2386 1882 2438 1946 si
2502 1882 2656 1964 quid
2702 1885 2767 1949 81

294 1982 324 2026 3
363 1966 701 2047 videretur,
750 1988 964 2032 secum
998 1966 1400 2049 disceptaret
1474 1966 1697 2030 eodem
1745 1974 2029 2067 tempore
2061 1956 2443 2051 quingentos
2481 1976 2765 2037 armatos

365 2052 524 2153 duce
556 2054 953 2155 Hippolocho
985 2053 1226 2118 Pheras
1272 2053 1337 2117 in
1384 2053 1769 2155 praesidium
1816 2054 2149 2137 miserunt,
2198 2055 2243 2118 ii
2290 2056 2532 2120 exclusi
2563 2056 2763 2139 aditu,

363 2138 488 2203 iam
536 2141 750 2205 omnia
809 2141 1036 2206 itinera
1081 2139 1521 2206 obsidentibus
1580 2142 1795 2224 regiis,
1862 2143 2189 2207 Scotusam
2251 2163 2318 2207 88
2363 2153 2761 2227 receperunt.

294 2242 327 2287 4
365 2226 593 2310 legatis
638 2228 1079 2291 Larisaeorum
1124 2248 1239 2292 rex
1288 2227 1631 2292 clementer
1675 2228 2022 2311 respondit,
2083 2249 2210 2294 non
2262 2230 2406 2293 belli
2460 2229 2763 2313 faciendi,

373 2312 484 2377 sed
531 2313 808 2378 tuendae
856 2320 918 2378 et
950 2312 1368 2378 stabiliendae
1414 2313 1725 2379 libertatis
1755 2314 2203 2379 Thessalorum
2237 2336 2428 2380 causa
2467 2337 2536 2381 se
2566 2318 2764 2384 Thes-

2807 1567 2869 1613 15

2805 2000 2870 2046 20

294 2413 324 2460 5
364 2400 586 2465 saliam
640 2401 930 2466 intrasse.
1025 2400 1255 2464 similia
1308 2400 1427 2480 his,
1493 2401 1599 2481 qui
1647 2421 1789 2465 cum
1835 2401 2137 2466 Pheraeis
2198 2410 2437 2484 ageret,
2500 2404 2760 2488 missus3
2803 2433 2868 2479 25

365 2487 461 2550 cui
509 2488 681 2552 nullo
729 2487 875 2552 dato
934 2507 1237 2570 responso
1281 2453 1550 2550 Pheraei
1603 2487 1728 2571 ipsi
1788 2488 2069 2572 legatum
2114 2488 2197 2552 ad
2258 2509 2473 2572 regem
2534 2492 2762 2593 princi-

294 2589 324 2634 6
363 2595 509 2656 pem
557 2574 832 2639 civitatis
878 2574 1262 2639 Pausaniam
1317 2573 1653 2657 miserunt3
1712 2575 1819 2656 qui
1876 2595 2019 2639 cum
2065 2574 2238 2639 haud
2283 2575 2614 2644 dissimilia
2658 2579 2761 2662 iis,

572 2768 618 2819 1.
676 2764 941 2817 exercitui
980 2766 1078 2819 del.
1129 2767 1206 2818 H.
1245 2767 1290 2818 I.
1340 2767 1576 2820 Mueller
1619 2785 1746 2821 anu.
1795 2770 1973 2821 Berol.
2023 2772 2161 2821 1889
2197 2787 2254 2837 p.
2301 2774 2387 2832 24,
2434 2786 2558 2823 cum
2608 2786 2764 2826 exer-

361 2851 476 2903 citu
521 2853 660 2906 coni.
713 2853 758 2905 I.
808 2852 873 2904 F.
920 2851 1227 2905 Gronovius
1266 2853 1534 2918 probante
1579 2855 1884 2921 Madriyio.
1936 2855 1943 2921 Ι
1993 2853 2227 2921 phaetas
2271 2855 2334 2907 B.
2368 2860 2375 2921 Ι
2409 2860 2495 2908 est
2544 2856 2765 2912 edictus

362 2938 749 2992 Drakenborch
788 2937 845 3003 (8
882 2936 1141 3003 edictus),
1188 2942 1273 2989 est
1318 2937 1499 2991 dictus
1537 2941 1651 2993 eod.
1691 2939 1777 3005 (B)
1824 2947 1873 2993 et
1917 2942 1995 2994 ed.
2036 2943 2339 3009 antiquiss,
2387 2947 2474 2995 est.
2518 2942 2764 2998 indictus

360 3024 429 3089 M,
466 3024 714 3092 Madvig,
753 3025 829 3078 H.
870 3026 918 3077 Ι.
957 3024 1190 3077 Mueller
1227 3025 1257 3077 l.
1301 3042 1343 3078 c.
1377 3026 1385 3091 Ι
1426 3028 1474 3078 2.
1512 3024 1610 3077 ubi
1646 3026 1707 3092 B,
1747 3028 1859 3081 cod.
1898 3044 1997 3081 rec.
2036 3034 2087 3081 et
2123 3029 2200 3082 ed.
2239 3036 2363 3083 artie
2400 3031 2634 3096 Aldum;
2680 3030 2761 3084 ibi

359 3110 413 3162 Μ
450 3117 498 3164 et
534 3111 645 3165 cod.
683 3128 784 3165 ree.
835 3112 844 3173 Ι
894 3108 1237 3177 opperiretur
1272 3110 1340 3177 M,
1379 3113 1576 3165 Aldus.
1628 3114 1635 3178 Ι
1685 3112 2049 3181 mynandrum
2086 3115 2147 3167 B.
2199 3117 2207 3178 Ι
2256 3117 2303 3168 4.
2335 3114 2615 3168 hominum
2654 3135 2761 3172 om.

359 3196 420 3248 B.
453 3199 462 3260 Ι
494 3196 903 3265 cynocephalas
939 3197 999 3250 B.
1036 3197 1044 3258 Ι
1077 3200 1123 3251 5.
1144 3201 1442 3264 querentes
1480 3197 1556 3250 ibi
1594 3199 1655 3252 B.
1689 3199 1696 3265 Ι
1729 3203 1777 3254 8.
1799 3200 1984 3267 specie
2022 3219 2122 3256 om.
2161 3201 2224 3268 B,
2263 3203 2425 3255 Harl.
2460 3205 2468 3268 Ι
2508 3206 2555 3257 9.
2579 3207 2765 3257 tracta

361 3287 517 3335 erant
553 3282 897 3336 coacerbatis
933 3283 995 3336 B.
1029 3285 1037 3352 Ι
1081 3285 1162 3337 12.
1192 3285 1271 3338 sic
1306 3283 1378 3350 Β,
1417 3289 1569 3337 esset
1603 3284 1659 3337 in
1697 3285 1927 3339 consilio
1963 3284 2256 3340 habiturus
2295 3290 2411 3343 eod.
2448 3306 2549 3344 rec.
2589 3296 2639 3343 et
2677 3293 2758 3345 ed.

360 3374 452 3422 vet.
488 3368 495 3433 Ι
531 3370 611 3421 16.
633 3368 703 3420 ad
741 3369 998 3436 phaleras
1035 3369 1097 3422 B.
1131 3372 1139 3435 Ι
1173 3372 1254 3424 17.
1284 3369 1364 3423 818
1404 3370 1571 3423 aetoli
1591 3371 1652 3424 B.
1687 3376 1694 3433 1
1730 3375 1810 3426 18.
1837 3372 1985 3438 quod
2016 3371 2088 3424 ob
2114 3372 2220 3425 hoc
2253 3373 2459 3427 factum
2486 3374 2765 3445 dictumq3

358 3452 421 3504 B.
454 3454 463 3518 Ι
494 3454 578 3506 21.
616 3452 911 3520 hippoloco
945 3455 1008 3507 Β.
1049 3457 1057 3521 Ι
1098 3454 1253 3508 aditis
1289 3456 1335 3508 B
1363 3464 1410 3510 et
1434 3458 1551 3512 cod.
1577 3475 1674 3512 rec.
1710 3460 1719 3522 Ι
1760 3461 1843 3512 22.
1882 3458 2030 3525 regis
2066 3458 2129 3511 B.
2172 3462 2179 3524 Ι
2222 3459 2513 3513 Scotusam
2538 3462 2602 3528 B,
2643 3466 2762 3518 cod.

358 3556 457 3593 ree.
490 3541 739 3607 plerique
775 3542 932 3605 (Lov.
969 3546 1028 3604 2)
1065 3550 1113 3596 et
1151 3544 1229 3596 ed.
1272 3550 1398 3597 ante
1434 3546 1717 3612 Moyuut.;
1756 3543 2074 3598 Scotussam
2111 3546 2218 3613 M?,
2258 3549 2388 3601 Lor.
2429 3553 2479 3612 3,
2517 3550 2595 3602 ed.
2636 3539 2776 3618 post*

357 3625 626 3692 Moyu‘nt„
674 3629 742 3692 cf.
797 3627 865 3680 H.
916 3629 962 3680 Ι.
1014 3629 1249 3682 Mueller
1299 3629 1553 3694 „Onusa“
1606 3648 1666 3699 p.
1715 3635 1818 3683 149
1866 3633 2101 3696 (Histor.
2161 3635 2641 3702 Uutersuchunyen
2687 3640 2761 3692 A.

361 3711 619 3778 Schaefer
653 3715 913 3781 qewidm„
959 3715 1129 3770 Boun
1166 3717 1339 3782 1882).
1376 3718 1398 3784 -Ι
1449 3719 1532 3770 25.
1572 3716 1770 3770 similia
1814 3718 1861 3771 is
1897 3719 1959 3772 B.
2004 3722 2009 3784 Ι
2053 3719 2304 3787 phaereis
2339 3720 2400 3773 B.
2435 3723 2443 3784 Ι
2474 3724 2558 3775 27.
2596 3738 2764 3789 paus-

358 3795 569 3848 saniam
606 3798 668 3850 B.
701 3800 710 3863 1
