2925 4278
459 141 545 203 44
961 157 1186 210 LIBER
1223 158 1492 212 XXXVI.
1534 157 1697 212 CAP.
1725 163 1807 214 40.
1835 162 1919 214 41.
1960 159 2031 227 [a.
2060 160 2124 214 U.
2153 175 2198 213 c.
2225 162 2363 229 563].

460 332 658 396 vitam
702 331 809 396 illo
856 331 961 395 die
1007 332 1161 396 satis
1210 332 1566 413 quaesitum
1615 352 1777 411 esse,
1823 353 1944 414 quo
1991 354 2059 399 se
2104 334 2311 399 virum
2342 335 2650 418 optimum
2701 336 2862 401 iudi·

393 437 423 484 9
462 425 670 482 catum
732 417 816 481 ad
875 417 1314 503 accipiendam
1377 426 1643 482 matrem
1704 418 1966 483 Idaeam
2027 420 2301 486 misisset
2362 428 2637 486 senatus.
2739 422 2860 489 hoc

458 505 657 585 titulo,
707 504 824 569 etsi
870 525 990 569 nec
1037 505 1399 569 consulatus
1445 525 1564 570 nec
1595 505 1949 588 triumphus
1993 505 2283 588 addatur,
2333 508 2489 588 satis
2520 507 2861 573 honestam

360 609 424 656 10
460 590 957 675 honoratamque
1025 592 1092 654 P.
1143 591 1459 674 Scipionis
1526 592 1801 656 Nasicae
1861 592 2207 675 imaginem
2274 593 2425 658 fore.
2520 594 2863 660 universus

463 684 721 742 senatus
766 698 895 743 non
942 677 1079 760 ipse
1140 677 1327 741 modo
1386 677 1471 740 ad
1531 676 2001 742 decernendum
2063 679 2449 762 triumphum
2511 683 2860 762 consensit,

462 764 576 828 sed
623 765 813 828 etiam
859 761 1182 827 tribunum
1228 764 1434 847 plebis
1478 765 1854 829 auctoritate
1901 785 2015 829 sua
2061 766 2361 849 compulit
2405 765 2490 830 ad
2535 767 2862 832 remitten-

363 870 421 915 11
463 850 611 915 dam
657 850 1193 914 intercessionem.
1287 850 1355 914 P.
1393 850 1723 915 Cornelius
1785 851 2001 916 consul
2064 852 2479 935 triumphavit
2539 852 2619 917 de
2683 855 2858 919 Bois.

459 937 526 1000 in
574 956 647 1000 eo
692 934 1010 1020 triumpho
1058 936 1317 1001 Gallicis
1365 937 1684 1019 carpentis
1730 957 1906 1000 arma
1952 938 2261 1021 signaque
2308 945 2369 1002 et
2401 939 2604 1022 spolia
2650 942 2863 1006 omnis

462 1022 713 1105 generis
760 1022 1040 1086 travexit
1085 1029 1149 1087 et
1193 1043 1351 1086 vasa
1395 1043 1601 1086 aenea
1647 1023 1891 1087 Gallica
1937 1030 1999 1087 et
2046 1044 2187 1088 cum
2236 1026 2503 1108 captivis
2535 1026 2862 1092 nobilibus

361 1126 423 1172 12
463 1127 763 1189 equorum
841 1128 1088 1190 quoque
1165 1116 1490 1192 captorum
1567 1129 1828 1192 gregem
1905 1109 2204 1174 traduxit.
2297 1131 2525 1176 aureos
2599 1119 2862 1193 torques
2892 1106 2917 1172 1⁶

459 1194 780 1259 transtulit
846 1195 1017 1258 mille
1079 1194 1577 1277 quadringentos
1646 1196 2052 1278 septuaginta
2112 1216 2328 1277 unum,
2398 1197 2481 1261 ad
2542 1196 2665 1262 hoc
2719 1200 2862 1263 auri

458 1280 668 1364 pondo
715 1280 989 1344 ducenta
1035 1280 1456 1365 quadraginta
1518 1288 1782 1366 septem,
1844 1283 2092 1364 argenti
2161 1283 2380 1348 infecti
2442 1284 2725 1365 factique
2797 1287 2862 1349 in

461 1367 719 1432 Gallicis
765 1368 956 1446 vasiS,
1004 1388 1132 1432 non
1179 1367 1427 1432 infabre
1490 1388 1602 1432 suo
1648 1388 1821 1432 more
1881 1369 2086 1449 factis,
2150 1370 2274 1435 duo
2335 1369 2510 1433 milia
2570 1376 2864 1436 trecenta

461 1453 882 1536 quadraginta
926 1453 1156 1536 pondo,
1205 1454 1562 1537 bigatorum
1609 1474 2006 1518 nummorum
2052 1455 2327 1520 ducenta
2372 1456 2631 1539 triginta
2680 1467 2864 1538 quat-

361 1557 423 1604 13
461 1546 617 1603 tuor.
710 1539 1034 1619 militibus,
1094 1540 1198 1620 qui
1247 1560 1496 1604 currum
1544 1541 1740 1604 secuti
1789 1547 1953 1621 sunt,
2002 1548 2303 1607 centenos
2334 1543 2594 1607 vicenos
2625 1546 2916 1625 quinost

360 1643 423 1689 14
459 1645 637 1690 asses
683 1625 916 1706 divisit,
967 1624 1205 1708 duplex
1254 1626 1625 1706 centurioni,
1674 1626 1906 1710 triplex
1954 1629 2167 1708 equiti.
2262 1634 2511 1711 postero
2559 1629 2665 1693 die
2713 1650 2861 1696 con-

460 1712 629 1776 tione
673 1711 986 1775 advocata
1030 1710 1111 1776 de
1156 1713 1344 1777 rebus
1391 1714 1473 1776 ab
1523 1733 1591 1776 se
1635 1713 1833 1795 gestis
1880 1720 1941 1777 et
1987 1713 2067 1778 de
2112 1715 2342 1779 iniuria
2403 1715 2638 1779 tribuni
2688 1718 2861 1781 bello

458 1798 665 1862 alieno
711 1818 779 1863 se
824 1798 1148 1881 illigantiS,
1197 1804 1265 1861 ut
1328 1818 1480 1863 suae
1538 1799 1841 1864 victoriae
1902 1799 2109 1864 fructu
2174 1821 2242 1866 se
2302 1800 2645 1882 fraudaret,
2712 1822 2860 1867 cum

460 1884 882 1965 disseruisset,
931 1883 1163 1948 milites
1211 1892 1651 1949 exauctoratos
1697 1885 1953 1950 dimisit.

392 1988 418 2034 1
664 1972 833 2034 XLI.
883 1972 1052 2034 Dum
1098 1969 1259 2035 haec
1317 1971 1383 2034 in
1430 1972 1617 2035 Italia
1660 1978 1983 2054 geruntur,
2057 1972 2405 2037 Antiochus
2465 1973 2704 2057 Ephesi
2769 1974 2917 2041 sei

462 2076 647 2121 curus
691 2056 1034 2121 admodum
1077 2056 1157 2120 de
1203 2058 1366 2122 bello
1412 2059 1698 2122 Romano
1746 2065 1880 2122 erat
1940 2065 2265 2141 tamquam
2312 2080 2438 2125 non
2489 2061 2861 2126 transituris

462 2144 530 2207 in
574 2144 794 2209 Asiam
840 2145 1177 2228 Romanis3
1228 2165 1415 2225 quam
1466 2146 1867 2209 securitatem
1914 2146 1972 2209 ei
2017 2166 2254 2228 magna
2313 2167 2460 2231 pars
2506 2147 2860 2213 amicorum

391 2248 421 2294 2
460 2236 570 2294 aut
615 2251 728 2313 per
773 2250 1044 2295 errorem
1091 2238 1199 2294 aut
1245 2230 1641 2295 adsentando
1687 2232 1980 2296 faciebat.
2073 2233 2394 2296 Hannibal
2439 2254 2625 2314 unus,
2676 2236 2862 2300 cuius

461 2336 534 2380 eo
580 2323 862 2400 tempore
909 2317 1012 2382 vel
1057 2317 1339 2381 maxima
1384 2317 1556 2400 apud
1601 2338 1816 2400 regem
1877 2319 2218 2397 auctoritas
2279 2326 2430 2398 erat,
2479 2320 2688 2402 magis
2746 2322 2861 2385 mi-

458 2403 584 2466 rari
631 2424 699 2468 se
745 2403 975 2483 aiebat,
1026 2402 1194 2484 quod
1242 2424 1369 2467 non
1416 2404 1543 2467 iam
1589 2405 1654 2468 in
1700 2404 1855 2468 Asia
1899 2412 2113 2469 essent
2156 2406 2445 2486 Romani,
2480 2426 2673 2487 quam
2707 2428 2861 2472 ven·
2897 2411 2917 2469 ἱ

391 2509 420 2555 3
460 2495 633 2554 turos
679 2489 1004 2573 dubitare3
1053 2490 1312 2574 propius
1359 2510 1499 2554 esse
1546 2510 1626 2553 ex
1676 2490 1944 2555 Graecia
1973 2491 2038 2553 in
2071 2491 2293 2555 Asiam
2326 2512 2516 2573 quam
2550 2512 2633 2556 ex
2667 2494 2864 2557 Italia

456 2576 521 2639 in
568 2576 902 2641 Graeciam
947 2576 1232 2656 traicere,
1283 2582 1345 2640 et
1392 2577 1587 2641 multo
1620 2577 1919 2641 maiorem
1954 2597 2211 2641 causam
2243 2578 2627 2642 Antiochum
2664 2600 2864 2660 quam

456 2663 712 2727 Aetolos
760 2682 935 2746 esse3
983 2682 1102 2727 nec
1135 2662 1408 2744 denique
1449 2663 1608 2725 mari
1640 2663 1849 2727 minus
1880 2684 2070 2744 quam
2101 2670 2270 2728 terra
2300 2664 2535 2747 pollere
2566 2666 2866 2730 Romana

386 2766 420 2812 4
456 2768 650 2812 arma.
757 2749 884 2812 iam
945 2748 1190 2831 pridem
1254 2749 1519 2813 classem
1594 2749 1759 2813 eirca
1819 2750 2089 2813 Maleam
2151 2770 2307 2815 esse.
2430 2750 2649 2815 audire
2715 2772 2864 2817 sese

665 2940 715 2992 3.
763 2937 811 2988 &
847 2935 965 2990 sine
1011 2937 1301 2989 consulatu
1348 2951 1417 2989 ne
1464 2937 1773 3004 triumphus
1819 2937 2058 2990 addatur
2101 2939 2163 2991 B.
2198 2941 2205 3004 Ι
2236 2942 2285 2993 4.
2333 2939 2719 3008 honorataque
2759 2941 2868 3008 ΒῬ,

456 3027 847 3091 oneratamque
894 3025 1006 3079 cod.
1046 3025 1215 3092 Voss,
1261 3027 1619 3089 ornatamque
1665 3026 1803 3079 com'.
1849 3027 1895 3079 I.
1936 3026 2002 3079 F.
2045 3026 2369 3081 Gronovius.
2415 3028 2421 3090 Ι
2459 3026 2685 3079 nasicae
2730 3027 2870 3082 hinc

456 3109 752 3178 imaginem
797 3110 868 3163 M.
903 3112 912 3176 Ι
947 3113 1027 3165 10.
1065 3124 1239 3179 grege
1276 3110 1336 3163 B.
1372 3113 1379 3178 Ι
1415 3113 1494 3165 11.
1534 3126 1704 3163 unum
1741 3111 1821 3179 M,
1865 3129 1965 3166 om.
1993 3115 2083 3166 rel.
2113 3114 2225 3168 cod.
2254 3113 2358 3179 (B).
2391 3116 2398 3176 Ι
2435 3116 2513 3168 12.
2552 3114 2744 3181 pondo
2785 3116 2842 3168 Μ
2855 3138 2872 3182 3

454 3215 552 3252 om.
580 3199 672 3252 rel.
701 3198 815 3252 cod.
842 3196 945 3264 (B).
980 3200 988 3263 1
1021 3196 1390 3265 quadraginta
1428 3197 1474 3249 B
1510 3204 1559 3251 et
1594 3215 1725 3265 νεα,
1761 3198 2053 3266 sexaginta
2077 3199 2482 3267 quinquaginta
2508 3200 2578 3253 M.
2612 3203 2620 3267 Ι
2657 3204 2739 3256 15.
2770 3203 2872 3255 mi-

453 3282 643 3336 litibus
699 3282 891 3336 diuisit
943 3281 1038 3350 qui
1095 3299 1314 3336 currum
1361 3282 1537 3336 secuti
1586 3289 1716 3336 sunt
1770 3284 1971 3352 uigInti
2021 3284 2262 3353 quinque
2307 3300 2462 3340 asses
2508 3285 2701 3340 diuisit
2747 3289 2822 3343 M.
2859 3297 2865 3360 Ι

452 3373 535 3425 20.
583 3384 809 3423 securos
855 3370 917 3423 B.
952 3371 960 3435 Ι
992 3373 1075 3425 21.
1122 3370 1408 3423 transituri
1454 3369 1566 3423 sint
1610 3371 1728 3424 asia
1772 3372 2012 3424 romanis
2060 3372 2287 3437 (romani
2335 3374 2471 3428 Lov.
2497 3377 2549 3441 2,
2585 3374 2766 3440 Voss.)
2805 3376 2873 3442 B,

451 3457 587 3511 Lov.
611 3460 664 3524 2,
683 3457 829 3511 Voss.
864 3459 872 3520 Ι
904 3458 988 3510 24.
1015 3456 1104 3509 vel
1142 3456 1378 3510 maxima
1400 3461 1437 3510 2
1461 3459 1577 3512 cod.
1603 3475 1723 3526 rec„
1748 3460 1825 3512 ed.
1867 3458 2072 3526 Camp„
2109 3460 2157 3512 I.
2185 3459 2252 3512 F.
2285 3459 2621 3527 Gronovius3
2658 3464 2726 3512 ut
2753 3477 2875 3514 ma—

453 3542 598 3595 xima
635 3543 748 3598 cod.
777 3541 863 3610 (B)
900 3549 949 3596 et
984 3544 1063 3597 ed.
1089 3551 1204 3610 vet„
1251 3543 1491 3596 maxima
1527 3545 1660 3599 Lov.
1691 3551 1738 3612 1,
1777 3546 1855 3599 ed.
1885 3546 2018 3598 Par.
2046 3548 2202 3612 1510,
2242 3546 2418 3599 Basil.
2445 3548 2586 3599 1535
2622 3553 2675 3600 et
2709 3564 2819 3618 seq.
2861 3548 2870 3616 Ι

454 3631 536 3683 26.
574 3627 832 3681 dubitare
877 3630 955 3682 ed.
994 3631 1170 3684 Basil.
1205 3635 1370 3698 1535;
1423 3630 1724 3683 dubitabat
1769 3632 1881 3686 cod.
1918 3630 2008 3698 (B)
2052 3637 2102 3685 et
2147 3633 2226 3685 ed.
2264 3633 2548 3699 antiquiss.
2584 3633 2592 3696 1
2634 3635 2723 3688 28.
2765 3648 2876 3686 nee

453 3714 690 3782 denique
715 3717 930 3782 scripsi,
959 3718 1027 3783 cf.
1050 3719 1247 3784 ephem.
1269 3719 1461 3771 Austr.
1480 3721 1646 3783 1892;
1681 3730 1862 3784 neque
1889 3718 2030 3770 enim
2058 3718 2177 3772 cod.
2205 3716 2309 3784 (B),
2336 3730 2515 3784 neque
2542 3718 2623 3771 ed.
2649 3719 2875 3789 Camp.,

463 3801 700 3864 Vossius,
731 3801 812 3853 M.
841 3803 1086 3870 Mueller,
1118 3815 1299 3868 neque
1337 3802 1503 3854 etiam
1531 3805 1575 3856 I.
1599 3803 1665 3857 F.
1692 3803 2016 3858 Gronovius.
2050 3805 2059 3868 Ι
2090 3805 2173 3857 29.
2212 3798 2398 3856 maleff
2444 3803 2507 3857 B.
2540 3805 2549 3869 Ι
