2925 4278
635 175 857 229 LIBER
894 177 1189 231 xxxvn.
1227 178 1391 231 CAP.
1418 181 1503 234 30.
1529 181 1612 234 31.
1653 178 1724 247 [a.
1755 179 1817 233 U.
1844 195 1889 231 ο.
1917 180 2060 247 564}
2448 161 2531 227 85

140 350 478 434 cupientes
524 350 880 416 inhiberent
925 351 1175 431 Rhodii,
1223 358 1491 417 tractum
1529 353 1818 418 ancorale
1850 361 1912 418 et
1942 354 2312 438 implicitum
2344 355 2532 419 remis

140 437 312 501 latus
356 437 625 501 alterum
672 437 965 519 detersit3
1013 438 1403 503 debilitatam
1451 460 1528 504 ea
1575 441 1730 525 ipsa,
1779 460 1941 522 quae
1987 441 2113 504 icta
2143 441 2529 521 cohaeserat,

141 524 332 588 navis
379 524 563 608 cepit.
673 524 792 590 hoc
851 526 1129 591 maxime
1190 526 1375 591 modo
1420 526 1504 591 ad
1551 528 1969 611 Myonnesum
2032 528 2242 593 navali
2296 528 2533 612 proelio

141 617 503 695 pugnatum
551 618 663 675 est.

69 709 101 755 5
356 698 600 761 XXXI.
652 696 788 774 Quo
835 698 1086 764 territus
1129 700 1499 780 Antiochus,
1548 700 1697 782 quia
1742 700 2137 784 possessione
2171 701 2360 765 maris
2402 702 2534 784 pul·
2574 714 2595 760 1

145 804 252 847 sus
298 782 649 866 longinqua
695 786 852 850 tueri
899 784 1231 851 diffidebat
1292 806 1358 851 se
1414 807 1618 871 posse,
1666 786 2051 870 praesidium
2112 789 2193 852 ab
2249 788 2532 871 Lysima-

148 868 307 949 chia,
356 891 439 935 ne
487 871 943 955 opprimeretur
988 872 1075 937 ibi
1121 872 1202 937 ab
1249 874 1577 953 Romanis,
1624 872 1849 938 deduci
1896 894 2113 958 pravo,
2162 880 2230 938 ut
2261 895 2362 939 res
2393 875 2533 959 ipsa

144 964 369 1041 postea
401 957 634 1037 docuit,
669 958 924 1024 consilio
957 959 1154 1024 iussit.
1233 980 1360 1025 non
1407 960 1575 1024 enim
1623 961 1783 1025 tueri
1816 962 2014 1026 solum
2059 961 2530 1043 Lysimachiam
2570 976 2598 1021 2

142 1065 184 1108 a
229 1044 435 1128 primo
481 1044 721 1129 impetu
767 1047 1190 1111 Romanorum
1250 1047 1436 1112 facile
1503 1055 1656 1127 erat,
1718 1047 1831 1112 sed
1892 1047 2285 1113 obsidionem
2342 1049 2532 1113 etiam

45 1143 104 1189 10
143 1138 284 1196 tota
330 1129 539 1195 hieme
586 1132 848 1196 tolerare
912 1140 974 1196 et
1032 1132 1396 1198 obsidentes
1457 1154 1706 1216 quoque
1769 1133 1850 1197 ad
1912 1134 2195 1198 ultimam
2255 1135 2532 1219 inopiam

142 1216 467 1282 adducere
515 1217 907 1283 extrahendo
954 1226 1201 1303 tempus
1249 1227 1309 1284 et
1355 1220 1608 1284 interim
1654 1240 1830 1305 spem
1876 1221 2054 1305 pacis
2099 1241 2212 1305 per
2265 1221 2534 1286 occasio—

142 1324 292 1369 nem
339 1311 668 1387 temptare.
760 1325 878 1370 nec
925 1306 1393 1389 Lysimachiam
1442 1314 1686 1371 tantum
1734 1307 2019 1372 hostibus
2079 1306 2338 1372 tradidit
2391 1314 2533 1391 post
2569 1322 2599 1368 3

141 1390 483 1455 adversam
530 1392 820 1456 navalem
869 1413 1169 1475 pugnam,
1204 1392 1316 1457 sed
1348 1393 1539 1457 etiam
1588 1393 1971 1476 Colophonis
2017 1393 2348 1459 obsidione
2393 1394 2531 1458 abs-

143 1478 338 1543 cessit
385 1485 449 1541 et
492 1477 724 1543 Sardes
770 1479 1008 1564 recepit
1054 1500 1154 1563 se;
1202 1488 1392 1561 atque
1434 1480 1583 1545 inde
1615 1480 1679 1545 in
1723 1480 2190 1564 Cappadociam
2230 1480 2314 1545 ad
2357 1481 2530 1544 Aria·
2567 1494 2600 1541 4

49 1585 105 1631 15
143 1564 393 1643 rathen,
464 1564 569 1646 qui
631 1566 869 1629 auxilia
934 1576 1348 1647 accerserent,
1413 1574 1477 1630 et
1537 1588 1926 1649 quocumque
1988 1568 2110 1632 alio
2157 1575 2404 1651 poterat
2448 1567 2532 1631 ad

149 1651 366 1735 copias
414 1651 895 1732 contrahendas,
943 1652 1009 1717 in
1055 1673 1248 1717 unum
1295 1653 1420 1717 iam
1470 1653 1818 1734 consilium,
1886 1660 1955 1718 ut
1999 1655 2137 1719 acie
2184 1654 2531 1735 dimicaret,

148 1738 430 1802 intentus
476 1737 661 1801 misit.

357 1824 641 1908 Regillus
684 1823 992 1890 Aemilius
1038 1833 1180 1910 post
1224 1825 1548 1891 victoriam
1610 1827 1905 1892 navalem
1964 1827 2282 1911 profectus
2329 1827 2529 1912 Ephe·
2568 1844 2597 1891 5

153 1931 306 1991 sum,
357 1909 629 1975 derectis
674 1919 822 1976 ante
867 1920 1112 1995 portum
1174 1913 1464 1993 navibuS,
1522 1933 1664 1978 cum
1726 1914 2185 1980 confessionem
2246 1915 2530 1978 ultimam

52 2015 114 2063 20
150 1997 434 2062 concessi
482 1998 672 2061 maris
719 1997 880 2062 hosti
928 1999 1362 2083 expressisset,
1412 1999 1661 2081 Chium,
1711 2020 1833 2082 quo
1878 2008 2026 2066 ante
2087 2002 2313 2066 navale
2359 2021 2532 2086 proe-

147 2084 299 2150 lium
349 2103 600 2149 cursum
645 2085 726 2149 ab
774 2085 964 2151 Samo
1008 2084 1385 2164 intenderat,
1432 2088 1713 2170 navigat.
1807 2087 1892 2151 ibi
1943 2108 2139 2152 naves
2187 2088 2251 2153 in
2300 2087 2531 2172 proelio
2571 2105 2600 2152 6

147 2179 479 2253 quassat-as
528 2192 668 2235 cum
713 2172 1057 2254 refecisset,
1111 2175 1182 2238 L.
1216 2174 1554 2239 Aemilium
1601 2175 1903 2240 Scaurum
1952 2196 2091 2239 cum
2124 2176 2383 2259 triginta
2427 2195 2532 2239 na-

1 2228 8 2315 1
146 2259 335 2323 vibus
404 2259 880 2342 Hellespontum
943 2259 1026 2324 ad
1089 2261 1435 2325 exercitum
1506 2261 1923 2325 traiciendum
1991 2262 2180 2340 misit,
2250 2260 2531 2326 Rhodios

145 2352 326 2428 parte
373 2344 651 2428 praedae
699 2352 760 2410 et
807 2346 1023 2430 spoliis
1069 2348 1403 2411 navalibus
1449 2346 1778 2413 decoratos
1811 2347 2065 2412 domum
2099 2347 2304 2412 redire
2336 2348 2527 2413 iubet.

55 2447 111 2496 25
147 2430 378 2496 Rhodii
425 2431 691 2515 impigre
752 2440 1150 2516 praevertere
1208 2432 1290 2496 ad
1350 2432 1732 2498 traiciendas
1794 2435 2006 2518 copias
2067 2435 2342 2499 consulis
2403 2435 2527 2516 ire;
2572 2450 2599 2497 7

144 2525 335 2599 atque
398 2537 473 2582 eo
534 2538 780 2601 quoque
841 2519 1039 2584 functi
1100 2520 1326 2600 officio,
1398 2527 1532 2584 tum
1594 2519 1846 2585 demum
1907 2519 2200 2585 Rhodum
2268 2520 2529 2586 rediere.

357 2774 400 2825 1.
442 2775 675 2823 tractum
713 2770 966 2823 ancorale
1003 2771 1082 2824 ed.
1110 2771 1285 2824 Basil.
1316 2776 1476 2835 1535;
1512 2775 1691 2825 tractu
1727 2774 1987 2839 (tractatu
2023 2773 2137 2827 cod.
2174 2774 2344 2839 Voss.)
2370 2788 2532 2826 anco-

143 2857 239 2911 rali
278 2855 581 2925 (anchorali
619 2857 685 2923 B)
722 2859 836 2913 cod.
856 2859 1102 2926 plerique
1139 2858 1221 2921 (Β,
1258 2860 1391 2913 Lov.
1417 2864 1470 2927 2,
1506 2860 1676 2926 Vasa.)
1707 2866 1755 2913 et
1791 2861 1868 2913 ed.
1898 2861 2179 2928 antiquiss.
2215 2861 2223 2926 Ι
2255 2863 2303 2915 2.
2343 2858 2531 2912 debili·

141 2951 316 2998 tatam
362 2946 444 2998 ed.
478 2947 656 2999 Basil.
692 2950 854 3007 1535‚·
908 2944 1195 2998 debilitate
1243 2947 1356 3001 cod.
1394 2953 1444 3000 et
1489 2948 1567 3001 ed.
1603 2949 1886 3016 antiquie&
1931 2948 1937 3007 Ι
1980 2951 2026 3001 7.
2074 2962 2245 3013 pravo
2291 2966 2391 3003 om.
2431 2947 2527 3015 Β.Ι

145 3037 223 3087 10.
261 3035 383 3085 tota
432 3031 607 3084 hieme
663 3033 777 3087 eod.
805 3034 1049 3100 plerique
1095 3032 1180 3098 (B)
1224 3040 1271 3086 et
1319 3034 1399 3087 ed.
1435 3040 1551 3100 vet„
1610 3036 1677 3102 cf.
1715 3035 2038 3100 XXXVII,
2083 3039 2164 3101 13,
2200 3038 2259 3101 4,·
2303 3035 2531 3099 XXIV,

140 3125 223 3187 15,
257 3124 322 3186 3;
365 3134 466 3186 per
510 3121 684 3172 totam
736 3117 967 3171 hiemem
1011 3118 1081 3185 M,
1129 3121 1322 3174 Aldus.
1357 3125 1365 3179 Ι
1397 3118 1704 3173 obsidentis
1750 3120 1811 3173 B.
1846 3123 1853 3187 Ι
1888 3124 1966 3176 11.
2007 3120 2349 3174 occasionem
2395 3120 2441 3173 B
2486 3127 2534 3174 et

142 3208 251 3261 cod.
279 3223 383 3261 rec.
413 3205 641 3271 (Voss.);
679 3204 995 3258 occasiones
1032 3207 1104 3259 al.
1130 3224 1229 3260 rec.
1259 3212 1307 3260 et
1343 3207 1421 3260 ed.
1449 3213 1546 3261 vet.
1581 3210 1588 3274 Ι
1624 3211 1702 3262 12.
1742 3223 1843 3261 nec
1882 3206 2286 3274 Lysimachiam
2324 3207 2394 3272 M,
2432 3209 2530 3261 Al-

141 3295 269 3361 du35
306 3308 418 3345 non
442 3291 820 3360 lysimachiam
846 3295 936 3346 rel.
958 3293 1071 3347 eod.
1095 3292 1181 3360 (B)
1209 3299 1258 3346 et
1293 3294 1372 3347 ed.
1392 3295 1569 3362 prior.
1607 3296 1612 3359 Ι
1647 3297 1726 3348 14.
1756 3293 1931 3346 sardis
1958 3293 2018 3346 B.
2053 3295 2060 3359 Ι
2092 3293 2217 3346 inde
2245 3292 2299 3346 in
2326 3294 2531 3362 Cappa-

139 3378 354 3434 dociam
382 3377 453 3446 Μ,
481 3381 759 3447 Moqwnt.,·
797 3377 924 3431 inde
961 3378 1350 3447 cappadociam
1386 3382 1478 3434 rel.
1508 3381 1622 3436 eod.
1650 3380 1735 3447 (B)
1772 3387 1819 3435 et
1857 3381 1933 3434 ed.
1957 3383 2129 3448 prior.
2166 3383 2173 3447 Ι
2210 3384 2286 3435 15.
2325 3380 2531 3434 auxilia
2617 3443 2620 3446 ,

139 3486 237 3522 om.
265 3466 329 3520 B.
364 3471 372 3532 Ι
409 3468 490 3520 19.
529 3464 763 3518 derectis
790 3465 861 3533 B,
898 3464 1120 3519 directis
1158 3467 1272 3521 eod.
1299 3484 1396 3520 ree.
1432 3469 1439 3532 Ι
1473 3469 1554 3521 20.
1593 3464 1742 3520 hosti
1779 3466 1823 3519 B
1861 3474 1909 3521 et
1945 3468 2022 3521 ed.
2052 3474 2175 3535 vet.;
2211 3466 2385 3521 hostis
2410 3469 2526 3524 cod.

138 3571 234 3610 rec.
262 3555 514 3623 plerique
558 3552 713 3618 (Lon.
748 3557 798 3616 2,
844 3553 1031 3621 Voss),
1075 3550 1328 3605 hostibus
1367 3554 1502 3608 Lov.
1529 3558 1578 3607 1.
1612 3555 1618 3617 Ι
1652 3557 1733 3608 21.
1772 3568 1936 3606 cursu
1974 3553 2032 3606 B.
2070 3555 2076 3620 Ι
2109 3556 2192 3609 25.
2231 3552 2387 3608 1110ᾱί
2425 3554 2486 3609 B.
2518 3554 2524 3624 Ι

139 3640 206 3693 ad
231 3638 568 3693 traiciendas
594 3639 709 3694 cod.
738 3638 840 3705 (B),
865 3641 1253 3706 Weissenborn,
1282 3641 1530 3709 Madviy,
1567 3641 1748 3703 Hertz,
1789 3642 1866 3694 M.
1888 3641 2147 3704 Mueller‚·
2185 3639 2255 3693 ad
2281 3640 2531 3693 traicien-

138 3727 349 3796 dasque
387 3727 465 3780 ed.
495 3732 589 3779 vet.
624 3727 632 3789 Ι
662 3723 742 3777 ire
780 3726 1011 3793 Madvig]
1039 3727 1159 3780 Em.
1190 3728 1256 3780 L.
1280 3745 1336 3795 p.
1364 3730 1464 3779 531
1497 3731 1765 3796 probante
1791 3729 2042 3794 Hertzio,·
2078 3728 2187 3782 iere
2227 3729 2341 3783 cod.
2367 3735 2416 3783 et
2450 3729 2534 3782 ed..

137 3823 247 3882 vet„
287 3817 389 3870 del.
412 3814 790 3869 Weissenborn
818 3815 1085 3881 probante
1124 3815 1203 3868 M.
1230 3815 1516 3880 Mueller0‚
1564 3819 1632 3885 cf.
1652 3835 1841 3886 proyr.
1880 3817 2108 3872 Stendal
2156 3820 2291 3870 1866
2316 3833 2378 3884 p.
2402 3820 2488 3870 20.
2522 3814 2532 3884 [
