2925 4278
388 59 469 121 72
845 78 1069 131 LIBER
1108 78 1403 133 XXXVII.
1442 79 1608 132 cAP.
1638 83 1717 135 19.
1746 82 1829 135 20.
1870 80 1933 147 [a.
1962 80 2027 134 U.
2053 95 2098 132 e.
2126 79 2265 147 5641.

370 271 603 331 sumuS,
652 252 704 315 si
751 273 832 316 ex
880 251 996 316 hoc
1041 253 1278 336 impetu
1323 272 1531 316 rerum
1577 251 1732 317 nihil
1776 252 2143 337 prolatando
2188 252 2540 332 remittitur,
2589 260 2743 318 ante

301 352 333 400 6
369 336 639 402 hiemem
685 337 806 402 diis
851 339 1206 403 volentibus
1250 338 1649 422 perfecisse.“
1726 339 1885 405 haec
1929 340 2243 404 sententia
2286 339 2458 419 vicit,
2489 359 2744 422 respon-

368 443 631 506 sumque
675 425 986 490 Antiocho
1035 433 1129 490 est
1171 433 1320 490 ante
1366 425 1640 490 consulis
1698 425 2040 490 adventum
2101 426 2179 490 de
2241 446 2400 509 pace
2460 426 2568 510 agi
2613 447 2743 491 non

303 524 330 570 7
369 531 570 593 posse.
662 511 1010 577 Antiochus
1070 532 1226 596 pace
1280 513 1661 595 nequiquam
1722 519 2048 597 temptata,
2111 513 2411 578 evastatis
2478 512 2745 577 Elaeen-

368 597 529 661 sium
574 599 863 681 primum,
920 598 1149 663 deinde
1209 600 1739 682 Pergamenorum
1796 601 1984 682 agris,
2045 599 2261 664 relicto
2321 599 2411 663 ibi
2478 600 2748 665 Seleuco
2830 617 2862 664 5

367 683 515 764 filio,
563 684 1044 767 Adramytteum
1092 685 1396 750 hostiliter
1440 685 1666 750 itinere
1711 685 1879 752 facto
1911 687 2068 770 petit
2098 706 2320 770 agrum
2351 687 2744 770 opulentum,

301 784 333 831 8
374 792 559 852 quem
605 777 835 836 vocant
877 772 1129 836 Thebes
1176 792 1486 856 campum,
1536 773 1811 837 carmine
1857 773 2112 837 Homeri
2158 773 2590 857 nobilitatum;
2639 794 2750 838 ne-

374 878 495 939 que
541 858 663 922 alio
709 858 833 924 ullo
878 859 1013 923 loco
1059 859 1248 923 Asiae
1294 859 1493 923 maior
1535 859 1727 943 regiis
1770 859 2072 924 militibus
2118 867 2296 942 parta
2343 866 2438 924 est
2481 859 2743 943 praeda.

371 943 592 1007 eodem
638 944 1139 1028 Adramytteum,
1189 952 1257 1009 ut
1301 946 1440 1010 urbi
1499 945 1814 1029 praesidio
1861 953 2089 1027 essent,
2152 947 2423 1011 navibus
2485 947 2747 1011 circum-

368 1030 535 1094 vecti
581 1031 886 1095 Aemilius
933 1038 995 1095 et
1038 1032 1354 1096 Eumenes
1398 1040 1724 1096 venerunt.
2795 1055 2857 1101 10

306 1134 327 1177 1
575 1118 720 1181 XX.
768 1119 888 1181 Per
934 1118 1185 1183 eosdem
1232 1118 1391 1183 forte
1451 1118 1587 1182 dies
1646 1119 1906 1183 Elaeam
1967 1140 2047 1184 ex
2109 1119 2352 1183 Achaia
2409 1120 2579 1184 mille
2639 1140 2747 1204 pe-

369 1202 533 1268 dites
579 1225 718 1268 cum
767 1211 1017 1269 centum
1065 1205 1399 1286 equitibUS,
1447 1205 1779 1289 Diophane
1825 1206 2114 1271 omnibus
2172 1205 2251 1270 iis
2312 1207 2507 1290 copiis
2568 1228 2747 1290 prae-

366 1291 592 1374 posito,
639 1299 1058 1372 accesserunt,
1106 1312 1264 1373 quos
1311 1312 1597 1376 egressos
1642 1293 1911 1356 navibus
1956 1292 2209 1357 obviam
2270 1293 2445 1357 missi
2503 1295 2586 1357 ab
2633 1296 2744 1357 At

301 1392 332 1438 2
370 1378 496 1442 talo
543 1384 726 1442 nocte
772 1379 1148 1462 Pergamum
1195 1378 1611 1443 deduxerunt.
1690 1380 1972 1443 veterani
2018 1398 2236 1443 omnes
2283 1386 2345 1443 et
2379 1379 2558 1462 periti
2590 1380 2745 1443 belli

371 1470 568 1542 erant,
616 1471 680 1529 et
723 1465 860 1548 ipse
906 1464 1037 1528 dux
1068 1465 1594 1549 Philopoemenis,
1629 1466 1854 1529 summi
1884 1472 2016 1529 tum
2049 1466 2326 1529 omnium
2357 1465 2745 1530 Graecorum
2798 1490 2859 1535 15

367 1551 782 1634 imperatoriS,
831 1551 1193 1635 discipulus.
1287 1552 1393 1633 qui
1437 1550 1699 1616 biduum
1747 1552 1930 1616 simul
1973 1551 2057 1615 ad
2089 1553 2364 1633 quietem
2410 1551 2738 1616 hominum

368 1657 792 1719 equorumque
839 1644 901 1702 et
943 1638 1028 1701 ad
1072 1637 1372 1702 visendas
1416 1637 1688 1702 hostium
1737 1638 2056 1719 stationes,
2104 1639 2331 1719 quibus
2392 1638 2544 1703 locis
2591 1645 2743 1703 tem-

299 1740 329 1786 3
364 1723 747 1807 poribusque
806 1724 1182 1789 accederent
1240 1725 1715 1809 reciperentque
1776 1744 1935 1805 sese,
1996 1731 2410 1808 sumpserunt.
2501 1725 2585 1788 ad
2651 1746 2745 1790 ra-

369 1809 542 1874 dices
588 1810 720 1876 sere
767 1811 960 1892 collis,
1008 1811 1075 1874 in
1121 1831 1242 1893 quo
1286 1811 1492 1895 posita
1548 1812 1696 1876 urbs
1742 1819 1856 1891 est,
1917 1812 2075 1894 regii
2134 1811 2590 1894 succedebant,
2653 1812 2745 1876 ita

366 1897 567 1960 libera
612 1898 692 1961 ab
740 1905 915 1982 tergo
959 1898 1280 1982 populatio
1328 1905 1479 1962 erat.
1572 1898 1742 1963 nullo
1800 1899 1882 1962 ab
1943 1899 2117 1978 urbe,
2180 1918 2261 1962 ne
2321 1898 2388 1961 in
2434 1899 2742 1963 stationes
2786 1921 2852 1966 20

300 1997 333 2044 4
371 1983 626 2065 quidem
672 1986 788 2068 qui
831 1985 1046 2069 procul
1091 1985 1484 2065 iacularetur,
1533 1991 1922 2065 excurrente,
1954 1991 2287 2069 postquam
2334 1984 2547 2065 semel,
2582 2005 2745 2049 com·

369 2070 534 2154 pulsi
579 2078 770 2154 metu,
820 2091 889 2136 se
933 2071 1263 2136 moenibus
1307 2072 1713 2152 incluserunt,
1761 2078 2157 2156 contemptus
2204 2091 2415 2135 eorum
2478 2079 2540 2136 et
2594 2070 2745 2136 inde

373 2157 778 2241 neglegentia
821 2158 992 2242 apud
1037 2158 1244 2241 regios
1289 2159 1497 2223 oritur.
1591 2179 1715 2223 non
1748 2165 1991 2238 stratos,
2038 2179 2164 2223 non
2209 2159 2555 2223 infrenatos
2619 2180 2745 2222 ma-

301 2262 331 2307 5
370 2264 499 2326 gna
546 2265 691 2327 pars
735 2245 1059 2309 habebant
1119 2265 1329 2326 equos.
1418 2246 1638 2328 paucis
1696 2244 1780 2308 ad
1837 2266 2013 2309 arma
2075 2251 2137 2309 et
2198 2245 2451 2310 ordines
2510 2245 2746 2310 relictis

369 2329 596 2413 dilapsi
643 2332 832 2396 ceteri
880 2339 1240 2415 sparserant
1286 2353 1353 2397 se
1398 2338 1528 2396 toto
1573 2332 1808 2415 passim
1857 2352 2095 2415 campo,
2142 2352 2288 2416 pars
2319 2332 2383 2395 in
2414 2332 2742 2396 iuvenales
2787 2351 2854 2398 25

367 2416 539 2482 lusus
604 2418 1056 2500 lasciviamque
1122 2419 1309 2499 versi,
1378 2439 1526 2502 pars
1592 2425 1923 2483 vescentes
1990 2419 2105 2483 sub
2173 2419 2415 2498 umbra,
2485 2418 2743 2499 quidam

301 2521 330 2566 6
369 2523 586 2569 somno
632 2505 821 2569 etiam
869 2505 1065 2570 strati.
1158 2504 1317 2569 haec
1360 2505 1726 2589 Diophanes
1771 2526 1853 2570 ex
1898 2505 2026 2569 alta
2068 2505 2223 2570 urbe
2253 2506 2561 2588 Pergamo
2607 2525 2745 2568 con-

575 2783 623 2834 4.
663 2782 930 2834 evastatis
968 2783 1223 2848 Modius;
1266 2779 1499 2834 uastatis
1552 2786 1587 2834 3
1628 2782 1742 2836 eod.
1776 2798 1875 2836 rec.
1911 2782 2133 2848 (Voss.),
2178 2782 2373 2848 Aldus,
2421 2781 2746 2834 euastandis

367 2866 454 2919 B?
491 2868 561 2935 M,
609 2868 896 2922 uastandis
943 2870 1056 2924 cod.
1091 2885 1190 2923 rec.
1219 2870 1465 2937 plerique
1509 2869 1665 2934 (Lov.
1701 2869 1758 2933 2)
1803 2875 1850 2921 et
1894 2868 1973 2921 ed.
2008 2870 2292 2936 antiquiss.
2334 2867 2343 2935 Ι
2383 2867 2593 2921 elensifi
2641 2869 2704 2922 B.
2738 2871 2742 2937 Ι

370 2957 417 3008 6.
456 2953 527 3006 ad
564 2953 896 3022 dramytheff
931 2954 990 3008 B.
1025 2956 1032 3021 Ι
1064 2958 1112 3008 7.
1149 2953 1477 3007 nobilitatae
1513 2956 1648 3010 Lov.
1675 2960 1724 3020 1,
1761 2957 1809 3008 Ι.
1836 2956 1903 3008 F.
1936 2954 2260 3021 Gronovius,
2297 2956 2519 3022 Bekker,
2553 2957 2648 3009 sed
2675 2960 2744 3024 cf.

370 3042 449 3095 M.
484 3043 717 3097 Mueller
743 3061 803 3111 p.
834 3044 956 3097 VH
982 3043 1072 3110 (cf.
1101 3044 1264 3097 Hom.
1292 3044 1365 3096 Il.
1397 3043 1494 3110 VI,
1526 3046 1612 3107 97,
1660 3043 1827 3097 Scala
1861 3044 2055 3111 ephem.
2093 3043 2278 3096 Austr.
2308 3046 2446 3095 1892
2472 3060 2532 3110 p.
2561 3044 2705 3108 108).
2738 3053 2742 3096 i

371 3130 419 3183 8.
458 3128 604 3197 regis
650 3128 710 3181 B.
747 3129 754 3196 Ι
786 3133 833 3185 9.
880 3128 1243 3198 adramythefi
1279 3130 1340 3197 B,
1387 3147 1488 3184 om.
1519 3129 1793 3197 Siqonius,
1841 3130 1939 3181 del.
1974 3128 2198 3196 Crevier,
2235 3130 2437 3182 Duker.
2471 3128 2479 3194 Ι
2514 3132 2595 3183 12.
2635 3128 2748 3181 dia-

367 3212 557 3282 pherie
592 3215 655 3269 B.
689 3219 696 3281 Ι
731 3220 810 3271 15.
847 3215 1295 3286 philopoemenes
1331 3215 1393 3268 B.
1427 3219 1434 3279 Ι
1471 3217 1550 3269 16.
1587 3230 1647 3282 q3
1685 3214 1742 3266 ui
1777 3214 1949 3267 bidufi
1986 3214 2047 3269 B.
2080 3217 2087 3278 Ι
2124 3218 2202 3269 17.
2240 3229 2603 3282 aequorumq3
2641 3215 2704 3268 B.
2738 3221 2742 3282 Ι

367 3300 815 3371 temporibusque
861 3304 939 3371 M,
985 3305 1282 3372 Moqwnt.;
1332 3300 1738 3369 stationibusqt,
1790 3304 1881 3356 rel.
1919 3303 2031 3356 cod.
2066 3301 2153 3369 (B)
2196 3307 2245 3354 et
2289 3301 2368 3353 ed.
2406 3303 2695 3369 antiquiss.
2740 3307 2744 3356 l

372 3390 450 3443 18.
490 3395 795 3442 sumserant
839 3390 907 3443 M.
941 3392 948 3458 Ι
984 3395 1062 3446 19.
1103 3392 1166 3445 de
1209 3390 1641 3460 interpunctione
1676 3392 1744 3457 cf.
1775 3391 2001 3458 Madvig]
2039 3389 2160 3442 Em.
2190 3390 2258 3441 L.
2277 3406 2335 3456 p.
2364 3392 2480 3441 529.
2514 3390 2521 3453 1
2554 3391 2639 3443 20.
2678 3404 2749 3442 ne

367 3477 430 3525 ut
465 3473 521 3526 in
558 3476 690 3530 Lov.
716 3481 767 3531 2.
800 3479 807 3540 Ι
839 3479 921 3531 21.
958 3476 1180 3545 quidem
1215 3476 1310 3543 qui
1344 3475 1535 3544 procul
1572 3476 1651 3530 ed.
1677 3483 1773 3531 vet.
1800 3494 1932 3544 quas
1967 3477 2083 3529 vidi
2120 3492 2326 3540 omnes,·
2368 3473 2592 3540 quidem
2629 3492 2748 3543 pro-

368 3560 455 3612 cul
502 3562 633 3625 cod„
692 3565 760 3630 cf.
796 3566 992 3631 ephem.
1028 3566 1214 3618 Austr.
1251 3567 1402 3617 1892.
1446 3565 1454 3629 Ι
1493 3567 1785 3629 postquam
1842 3561 1912 3622 M,
1966 3563 2182 3627 Aldus;
2225 3560 2520 3628 quicquam
2566 3562 2630 3629 B,
2679 3579 2746 3615 ne

368 3649 661 3717 quicquam
695 3651 787 3703 rel.
814 3652 928 3705 cod.
955 3657 1003 3705 et
1039 3652 1117 3704 ed.
1139 3652 1313 3719 prior.
1345 3651 1353 3716 Ι
1384 3652 1469 3704 25.
1506 3663 1633 3717 pars
1671 3665 1771 3704 om.
1797 3648 1857 3700 Β.
1891 3650 1899 3713 Ι
1931 3646 2215 3700 iubenales
2251 3647 2312 3699 B.
2346 3651 2354 3713 Ι
2386 3650 2468 3701 26.
2496 3648 2643 3701 versi
2673 3649 2742 3710 M.

368 3737 552 3790 Mead.
579 3740 629 3803 1,
665 3737 872 3803 Aldus;
906 3754 1006 3791 om.
1033 3739 1123 3790 rel.
1151 3736 1265 3791 cod.
1291 3734 1377 3803 (B)
1413 3743 1461 3790 et
1497 3737 1575 3789 ed.
1595 3736 1769 3803 prior.
1803 3735 1811 3800 Ι
1842 3736 1925 3788 27.
1963 3733 2262 3802 diaphanes
2298 3734 2359 3786 B.
2393 3737 2401 3799 Ι
