2925 4278
688 135 913 188 LIBER
952 134 1248 189 XXXVII.
1288 134 1454 188 GAP.
1484 138 1534 189 2.
1562 139 1610 190 3.
1650 138 1723 202 [a.
1755 135 1818 189 U.
1845 151 1891 188 e.
1919 136 2062 203 5641.
2484 118 2571 181 53

175 311 381 375 iussus
428 315 492 372 et
539 307 813 373 scribere
858 308 995 391 ipse
1040 308 1211 373 mille
1255 309 1519 373 navales
1566 308 1788 388 socios,
1838 307 1962 373 dno
2009 308 2185 372 milia
2243 308 2567 391 peditum;

176 417 317 461 cum
363 396 443 460 iis
485 395 760 459 navibus
805 394 1236 476 militibusque
1282 395 1348 458 in
1393 395 1615 460 Asiam
1660 394 1973 477 proficisci
2020 401 2082 458 et
2115 395 2382 459 classem
2428 416 2469 458 a
2503 394 2572 459 C.

175 482 358 547 Livio
403 481 714 564 accipere.
793 480 952 546 duas
997 481 1344 564 Hispanias
1391 480 1876 561 Sardiniamque
1937 480 2372 546 obtinentibus
2434 501 2573 564 pro·
2615 492 2679 540 11

174 575 468 651 rogatum
514 568 580 631 in
625 587 864 631 annum
909 567 1243 649 imperium
1289 573 1386 631 est
1431 574 1495 632 et
1539 567 1710 631 idem
1755 566 2071 631 exercitus
2134 566 2390 630 decreti.
2487 566 2578 631 Si·
2621 580 2685 625 12

111 678 141 725 5
177 655 360 720 ciliae
407 653 866 735 Sardiniaeque
913 653 1103 717 binae
1148 673 1352 734 aeque
1399 676 1475 715 ac
1519 653 1807 736 proximo
1867 673 2037 716 anno
2100 651 2406 716 decumae
2454 653 2579 717 fru-

177 741 376 806 menti
437 741 820 822 imperatae;
883 739 1160 804 Siculum
1236 760 1423 804 omne
1486 739 1870 802 frumentum
1948 739 2012 802 in
2088 739 2402 803 Aetoliam
2493 738 2582 803 ad

178 826 530 892 exercitum
599 825 835 909 portari
893 825 1167 907 iussum;
1239 845 1321 889 ex
1390 824 1686 891 Sardinia
1751 845 1901 908 pars
1967 826 2234 889 Romam
2302 845 2449 908 pars
2514 826 2582 889 in

179 913 518 991 Aetoliam,
568 911 789 976 eodem
836 931 959 992 quo
1006 911 1303 976 Siculum.
1406 943 1411 947 ·

388 999 505 1061 III.
554 998 930 1078 Priusquam
977 998 1267 1061 consules
1311 997 1378 1060 in
1422 997 1784 1079 provincias
1829 996 2394 1079 proficiscerentur,
2440 1017 2578 1080 pro·

88 1110 145 1157 10
180 1085 361 1168 digia
404 1104 521 1167 per
566 1083 895 1166 pontifices
955 1084 1277 1165 procurari
1336 1083 1591 1166 placuit.
1679 1084 1919 1147 Romae
1979 1084 2240 1147 Iunonis
2301 1084 2581 1149 Lucinae

181 1171 491 1254 templum
539 1169 619 1234 de
666 1170 841 1233 caelo
887 1175 1126 1232 tactum
1175 1175 1310 1232 erat
1370 1170 1478 1247 ita,
1542 1175 1612 1232 ut
1672 1168 1998 1251 fastigium
2060 1171 2416 1251 valvaeque
2479 1170 2581 1234 de-

179 1258 622 1322 formarentur.
715 1255 993 1319 Puteolis
1039 1255 1325 1337 pluribus
1369 1255 1525 1318 locis
1573 1275 1788 1319 murus
1835 1262 1896 1319 et
1943 1262 2126 1337 porta
2157 1255 2422 1319 fulmine
2454 1256 2582 1319 icta

180 1351 245 1408 et
291 1343 418 1407 duo
466 1341 754 1405 homines
801 1341 1167 1405 exanimati.
1260 1342 1534 1405 Nursiae
1580 1361 1804 1404 sereno
1852 1342 2006 1405 satis
2048 1343 2378 1405 constabat
2425 1342 2581 1404 nim·

180 1431 334 1495 bum
381 1434 621 1509 ortum3
667 1427 757 1492 ibi
805 1447 1054 1508 quoque
1100 1426 1258 1491 duos
1303 1428 1534 1491 liberos
1580 1427 1868 1491 homines
1901 1427 2321 1491 exanimatos
2415 1434 2585 1492 terra

88 1540 146 1587 15
180 1515 353 1599 apud
415 1535 484 1579 se
545 1514 826 1597 pluvisse
886 1514 1229 1578 Tusculani
1297 1514 1698 1592 nuntiabant,
1769 1519 1832 1577 et
1891 1513 2143 1576 Reatini
2213 1515 2445 1578 mulam
2514 1513 2582 1577 in

179 1622 335 1686 agro
397 1620 512 1664 suo
560 1599 900 1683 peperisse.
994 1619 1071 1662 ea
1116 1606 1470 1682 procurata,
1516 1599 1910 1681 Latinaeque
1955 1599 2363 1680 instauratae,
2413 1599 2583 1681 quod

180 1687 609 1752 Laurentibus
655 1686 882 1765 carnis,
931 1705 1093 1767 quae
1140 1685 1275 1749 dari
1323 1686 1535 1764 debet,
1584 1685 1735 1748 data
1781 1706 1903 1749 non
1952 1683 2176 1749 fuerat.
2271 1686 2581 1769 supplica·
2660 1702 2677 1711 ·

182 1774 269 1838 tio
318 1793 572 1854 quoque
619 1792 835 1836 earum
891 1771 1266 1854 religionum
1329 1792 1523 1836 causa
1582 1771 1702 1835 fuit
1763 1772 1993 1853 quibus
2054 1770 2175 1835 diis
2236 1771 2582 1836 decemviri
2685 1796 2688 1797 ⁷

184 1880 264 1924 ex
312 1859 492 1924 libris
536 1864 605 1922 ut
672 1858 851 1922 fieret
918 1857 1268 1922 ediderunt.
1362 1858 1585 1922 decem
1644 1858 1927 1940 ingenui,
2000 1856 2220 1921 decem
2277 1858 2578 1941 virgines,

92 1969 151 2017 20
184 1945 440 2030 patrimi
489 1964 708 2008 omnes
738 2003 743 2007 .
770 1944 1189 2024 matrimique,
1251 1943 1334 2007 ad
1394 1942 1460 2007 id
1529 1944 1904 2007 sacrificium
1972 1942 2283 2026 adhibiti;
2355 1950 2418 2008 et
2477 1943 2581 2006 de·

184 2031 447 2097 cemviri
526 2038 711 2095 nocte
786 2029 1167 2094 lactentibus
1244 2049 1378 2093 rem
1447 2029 1730 2092 divinam
1808 2029 2114 2093 fecerunt.
2214 2030 2282 2092 P.
2353 2030 2581 2094 Corne·
2657 2044 2684 2059 ⁹

183 2119 302 2184 lius
350 2117 567 2201 Scipio
612 2116 969 2196 Africanus,
1019 2116 1388 2200 priusquam
1434 2115 1953 2200 proficisceretur,
2000 2115 2304 2179 fornicem
2353 2116 2417 2179 in
2467 2116 2582 2182 Ca-

184 2205 402 2289 pitolio
447 2204 757 2268 adversus
802 2204 992 2282 viam,
1041 2223 1168 2284 qua
1211 2204 1276 2266 in
1325 2203 1704 2286 Capitolium
1752 2201 2128 2281 escenditur,
2195 2223 2335 2266 cum
2383 2203 2583 2286 signis

186 2297 432 2374 septem
477 2290 718 2355 auratis
763 2295 827 2355 et
876 2289 1056 2370 equis
1102 2288 1346 2353 duobus
1394 2296 1456 2353 et
1503 2309 1853 2353 marmorea
1898 2287 2023 2351 duo
2062 2288 2242 2351 labra
2272 2294 2421 2352 ante
2465 2289 2583 2353 for-

93 2399 153 2447 25
192 2378 400 2442 nicem
446 2376 673 2459 posuit.

396 2464 520 2526 Per
565 2462 823 2527 eosdem
867 2461 1005 2525 dies
1050 2461 1370 2543 principes
1413 2460 1779 2523 Aetolorum
1840 2467 1968 2523 tres
2015 2466 2077 2523 et
2138 2458 2580 2542 quadraginta,

187 2550 352 2613 inter
400 2568 558 2630 quos
602 2547 1004 2612 Damocritus
1050 2553 1115 2610 et
1158 2547 1354 2610 frater
1400 2547 1535 2609 eius
1583 2552 1779 2625 erant,
1826 2547 1908 2609 ab
1943 2545 2190 2609 duabus
2224 2544 2585 2609 cohortibus

189 2635 399 2701 missis
446 2655 485 2698 a
528 2635 630 2698 Μ’.
664 2634 868 2698 Acilio
913 2634 1180 2697 Romam
1226 2631 1481 2695 deducti
1515 2632 1672 2695 etin
1705 2632 2073 2695 Lautumias
2116 2631 2385 2695 coniecti
2416 2638 2580 2696 sunt.

192 2722 482 2786 cohortes
526 2719 675 2784 inde
720 2719 803 2784 ad
852 2719 1196 2783 exercitum
1242 2717 1446 2782 redire
1493 2718 1563 2780 L.
1601 2718 1928 2782 Cornelius
1960 2719 2178 2782 consul
2222 2718 2422 2782 iussit.
2500 2718 2582 2781 le·

97 2828 159 2877 30
195 2808 326 2890 gati
401 2808 484 2870 ab
552 2807 915 2871 Ptolomaeo
979 2811 1040 2869 et
1103 2805 1436 2886 Cleopatra
1503 2803 1790 2886 regibus>
1825 2804 2106 2886 Aegypti
2172 2805 2584 2887 gratulantes,

195 2892 363 2975 quod
420 2893 522 2955 Μ’.
558 2892 798 2957 Acilius
868 2890 1084 2956 consul
1160 2890 1542 2954 Antiochum
1603 2910 1817 2972 regem
1881 2890 2150 2954 Graecia
2218 2891 2586 2973 expulisset,

406 3086 450 3138 1.
479 3082 693 3135 naualis
718 3080 779 3132 B.
814 3083 821 3146 Ι
854 3083 901 3135 5.
928 3078 1092 3133 binae
1120 3095 1297 3148 aeque
1323 3095 1388 3133 ac
1424 3079 1672 3147 proximo
1711 3094 1855 3131 anno
1881 3081 2114 3148 Madvig
2139 3081 2261 3134 Em.
2289 3081 2357 3133 L.
2385 3098 2438 3147 p.
2463 3083 2593 3145 528,-

195 3169 359 3223 binae
398 3183 613 3237 eaeque
648 3167 932 3236 proximae
970 3166 1041 3234 M,
1078 3165 1243 3219 binae
1282 3182 1349 3219 eo
1386 3182 1533 3220 anno
1569 3169 1662 3221 rel.
1701 3168 1815 3222 cod.
1853 3166 1941 3233 (B)
1977 3172 2027 3220 et
2061 3167 2143 3220 ed.
2168 3172 2284 3231 vet„
2320 3163 2486 3218 binae
2525 3180 2592 3218 eo

194 3271 417 3323 quoque
456 3269 601 3307 anno
626 3256 939 3309 dubitanter
967 3255 1342 3308 Weissenborn
1378 3254 1457 3306 ed.
1489 3254 1713 3307 Weidm.
1733 3270 1792 3320 p.
1820 3257 1938 3306 163.
1974 3253 1981 3316 Ι
2014 3255 2060 3305 7.
2087 3266 2217 3318 pars
2244 3250 2438 3303 eodem
2463 3253 2589 3317 (om.

194 3341 249 3393 in
295 3340 605 3406 Aetoliam)
646 3340 873 3407 Crevier,
920 3341 990 3408 cf.
1032 3341 1406 3394 Weissenborn
1462 3341 1496 3392 l.
1541 3341 1572 3392 l.
1609 3340 1615 3405 Ι
1648 3341 1695 3392 9.
1742 3337 1799 3389 in
1843 3337 2158 3404 provincias
2213 3337 2284 3405 M,
2340 3338 2452 3393 cod.
2489 3355 2589 3393 rec.

195 3431 351 3495 (Lov.
385 3434 439 3495 2,
481 3429 671 3495 Voss.),
708 3428 916 3494 Aldus5
959 3425 1014 3477 in
1050 3426 1334 3492 prouincia
1369 3425 1431 3491 B,
1470 3427 1541 3479 al.
1568 3442 1667 3479 rec.
1696 3431 1744 3478 et
1781 3426 1859 3478 ed.
1888 3426 2174 3493 antiquiss
2209 3426 2218 3490 Ι
2254 3427 2334 3479 15.
2359 3424 2593 3477 tuscula

195 3514 530 3568 nuntiabant
564 3514 627 3567 B.
660 3516 668 3579 Ι
703 3517 782 3568 17.
822 3511 1002 3565 carnis
1047 3511 1266 3578 (carinis
1300 3512 1368 3577 B)
1407 3513 1522 3567 eod.
1562 3518 1611 3565 et
1654 3512 1734 3565 ed.
1772 3518 1885 3578 vet„
1924 3512 1992 3579 cf.
2030 3511 2098 3566 F.
2137 3512 2294 3565 Neue
2318 3511 2592 3565 Formenl.

196 3602 243 3666 1,
264 3605 384 3667 165,
411 3602 480 3655 F.
504 3601 666 3666 Stole,
692 3601 966 3654 Formenl.
983 3616 1043 3667 p.
1064 3603 1195 3665 327;
1230 3613 1358 3665 pars
1387 3597 1568 3650 carnis
1593 3599 1825 3667 Madvig]
1853 3599 1976 3651 Em.
2004 3598 2073 3651 L.
2098 3616 2151 3665 p.
2174 3602 2290 3652 529.
2327 3599 2334 3662 Ι
2371 3599 2453 3652 18.
2478 3595 2594 3662 qui-

196 3686 301 3740 bus
338 3686 447 3740 diis
485 3687 660 3753 fieret,
698 3685 993 3738 decemviri
1032 3699 1101 3737 ex
1136 3684 1291 3737 libris
1330 3683 1623 3739 ediderunt
1660 3686 1798 3740 coni.
1833 3684 2060 3738 Crevier.
2094 3686 2102 3749 Ι
2134 3686 2218 3739 21.
2256 3681 2594 3736 lactantibus

196 3773 265 3827 M.
298 3777 306 3841 Ι
339 3776 423 3828 26.
464 3771 688 3825 eosdem
726 3773 841 3827 cod.
867 3789 968 3826 rec.
995 3778 1043 3825 et
1078 3778 1204 3837 ret.;
1242 3785 1338 3824 eos
1375 3771 1437 3824 B.
1472 3773 1481 3837 Ι
1513 3774 1596 3826 28.
1635 3786 1668 3823 a
1705 3787 1773 3824 m.
1799 3770 1960 3823 acilio
1998 3770 2059 3822 B.
2093 3771 2102 3836 Ι
