2925 4278
421 80 546 143 124
916 96 1151 153 LIBER.
1175 96 1503 151 XXXVIII.
1542 97 1709 151 CAP.
1734 101 1784 152 4.
1812 101 1859 152 5.
1900 99 1972 166 [a.
1998 98 2064 153 U.
2091 113 2135 152 0.
2158 98 2303 166 565].

419 271 818 355 Epirotarum
851 277 1073 334 >castra
1118 276 1304 337 nocte
1350 270 1614 355 aggredi
1663 271 1993 336 consilium
2038 271 2263 352 fuerat,
2308 269 2482 335 haud
2512 269 2694 334 facili
2743 272 2832 336 ab

322 378 387 426 10
424 358 727 423 Romanis
773 357 1030 437 auxilio,
1099 357 1249 438 quia
1316 357 1552 422 flumen
1613 357 1946 440 intererat;
2016 357 2191 438 dein,
2250 357 2678 441 periculosum
2741 357 2836 420 in-

424 451 677 529 ceptum
722 450 917 524 ratus,
965 463 1048 507 110
1093 463 1219 525 qua
1265 444 1577 509 sentirent
1621 445 1892 508 Romani
1938 451 2001 508 et
2030 462 2354 528 regressus
2384 443 2536 508 inde
2580 443 2654 507 in
2687 449 2834 509 tuto

420 553 547 597 non
596 536 782 610 esset,
830 529 1166 594 deterritus
1211 531 1293 594 ab
1340 530 1461 595 1100
1508 530 1764 596 consilio
1825 528 1908 594 ad
1970 529 2482 614 depopulandam
2540 530 2836 594 Acarna-

354 637 376 683 1
418 619 591 682 niam
636 617 756 681 iter
801 616 1129 680 convertit.
1188 617 1264 681 V.
1300 618 1534 681 Consul
1577 617 1706 681 iam
1737 616 2163 697 munimentis,
2197 616 2427 699 quibus
2469 616 2836 700 saepienda
2899 630 2902 677 ι

419 705 571 769 111118
618 708 773 782 erat,
825 703 954 766 iam
999 701 1315 785 operibus,
1363 723 1530 784 quae
1573 702 1916 768 admovere
1960 704 2156 768 muris
2185 704 2469 787 parabat,
2516 702 2837 787 perfectis
2900 768 2901 771 ,

351 810 383 858 2
420 791 700 873 quinque
746 788 935 853 simul
977 787 1131 853 locis
1192 789 1445 853 moenia
1507 795 1603 854 est
1661 809 2020 873 aggressus.
2113 790 2236 853 tria
2295 812 2497 874 opera
2554 789 2838 873 paribus

419 874 788 954 intervallis,
856 874 1138 939 faciliore
1198 875 1379 939 aditu
1436 896 1477 939 a
1539 896 1781 960 campo,
1842 875 2150 941 adversus
2208 876 2583 959 Pyrrheum,
2654 876 2838 957 quod

422 968 672 1042 vocant,
718 961 1023 1042 admovit,
1070 980 1267 1026 unum
1315 982 1350 1025 0
1394 963 1655 1045 regione
1701 961 2083 1045 Aesculapii,
2129 983 2327 1026 unum
2370 962 2687 1027 adversus
2739 984 2837 1027 ar-

353 1066 384 1113 3
424 1070 579 1114 cem.
671 1047 976 1113 arietibus
1044 1068 1256 1112 muros
1326 1049 1672 1129 quatiebat,
1740 1049 2061 1113 asseribus
2126 1048 2377 1113 falcatis
2444 1048 2902 1132 detergebatu'

422 1136 671 1221 pinnas.
764 1133 1116 1218 oppidanos
1159 1135 1362 1218 primo
1425 1142 1489 1199 et
1547 1134 1631 1198 ad
1677 1135 1956 1218 speciem
2017 1142 2078 1198 et
2135 1134 2219 1198 ad
2278 1135 2440 1199 ictus
2495 1135 2837 1199 moenium

353 1239 387 1286 4
429 1242 572 1287 cum
617 1221 882 1286 terribili
929 1221 1139 1286 sonitu
1188 1221 1390 1286 editos
1435 1242 1637 1306 pavor
1682 1242 1782 1286 ac.
1803 1219 2142 1305 trepidatio
2190 1222 2388 1304 cepit;
2448 1220 2714 1301 deinde,
2765 1229 2838 1286 ut

421 1315 672 1394 praeter
739 1328 920 1391 spem
980 1314 1147 1372 stare
1209 1328 1419 1372 muros
1481 1307 1796 1387 viderunt,
1860 1308 2140 1373 collectis
2198 1327 2414 1372 rursus
2475 1308 2719 1372 animis
2766 1309 2836 1372 in

422 1396 654 1460 arietes
713 1394 1136 1460 tollenonibus
1210 1394 1592 1458 libramenta
1652 1394 1893 1477 plumbi
1947 1400 2058 1459 aut
2125 1413 2423 1459 saxorum
2489 1393 2836 1477 stipitesve

424 1484 713 1547 robustos
749 1481 1185 1563 ⁴incutiebant3
1233 1480 1431 1545 falces
1476 1481 1727 1546 ancoris
1771 1480 1993 1545 ferreis
2037 1480 2288 1544 iniectis
2342 1480 2410 1544 in
2454 1480 2835 1545 interiorem
2874 1490 2902 1555 ll

354 1585 385 1631 5
425 1574 670 1651 partem
714 1567 878 1630 muri
921 1566 1246 1631 trahentes
1291 1584 1571 1632 asserem
1614 1566 2172 1651 praefringebant3
2232 1565 2315 1630 ad
2375 1566 2498 1632 hoc
2554 1569 2835 1650 eruptio-

424 1655 612 1718 nibus
672 1663 730 1715 et
787 1653 1113 1718 nocturnis
1171 1653 1239 1716 in
1301 1653 1622 1719 custodias
1684 1674 1945 1736 operum
1991 1658 2054 1716 et
2099 1652 2341 1717 diurnis
2400 1652 2468 1717 in
2515 1653 2834 1719 stationes

385 1783 389 1786 <
424 1741 586 1804 ultro
630 1745 943 1803 terrorem·
977 1739 1358 1804 inferebant.
1960 1755 1963 1758 ’

356 1843 387 1889 6
632 1827 708 1889 111
753 1824 875 1889 hoc
920 1828 1090 1889 statu
1133 1845 1237 1890 res
1280 1825 1364 1889 ad
1409 1826 1814 1891 Ambraciam
1861 1845 2004 1889 cum
2049 1831 2282 1905 essent,
2337 1825 2467 1888 iam
2510 1825 2731 1891 Aetoli
2795 1847 2835 1891 a

425 1911 829 1996 populatione
873 1912 1274 1976 Acarnaniae
1321 1914 1603 1978 Stratum
1644 1912 1983 1976 redierant.
2076 1909 2228 1975 inde
2273 1911 2603 1976 Nicander
2648 1933 2834 1996 prae·
2869 1926 2902 1997 21

425 2005 523 2064 tor
568 2017 745 2081 spem
791 2005 1016 2062 nactus
1062 1997 1407 2063 solvendae
1453 1999 1708 2082 incepto
1753 1997 1901 2064 forti
1961 1997 2331 2078 obsidionis,
2394 1997 2837 2064 Nicodamum

360 2101 389 2150 7
428 2083 748 2168 quendam
794 2104 937 2148 cum
980 2084 1224 2149 Aetolis
1270 2085 1638 2167 quingentis
1669 2084 2077 2149 Ambraciam
2107 2083 2486 2150 intromittit.
2565 2093 2835 2152 noctem

428 2178 663 2237 certam
708 2177 1084 2255 tempusque
1145 2171 1336 2236 etiam
1397 2171 1600 2236 noctis
1663 2172 2006 2252 constituit,
2070 2190 2195 2253 quo
2256 2177 2321 2237 et
2365 2171 2458 2235 illi
2517 2172 2604 2236 ab
2670 2176 2834 2239 urbe

428 2278 620 2341 opera
664 2256 958 2338 hostium,
1006 2277 1170 2338 quae
1216 2256 1528 2322 adversus
1573 2256 1927 2339 Pyrrheum
1973 2264 2169 2338 erant,
2201 2257 2735 2341 aggrederentur,
2770 2267 2835 2324 et

427 2346 563 2428 ipse
615 2343 700 2407 ad
756 2350 963 2407 castra
1015 2345 1305 2407 Romana
1371 2351 1675 2408 terrorem
1741 2342 2000 2424 faceret,
2068 2363 2258 2428 posse
2321 2351 2497 2409 ratus
2557 2347 2902 2431 ancipitia

358 2447 389 2493 8
427 2430 715 2510 tumultu,
764 2436 826 2493 et
870 2435 1056 2493 nocte
1099 2435 1377 2512 augente
1421 2448 1744 2513 pavorem,
1792 2430 2269 2495 memorabilem
2319 2450 2454 2494 rem
2514 2432 2676 2513 geri.
2775 2439 2838 2497 et

428 2515 815 2581 Nicodamus
859 2516 1242 2599 intempesta
1285 2523 1491 2596 nocte,
1541 2535 1683 2579 cum
1729 2516 1888 2581 alias
1947 2515 2268 2581 custodias
2313 2516 2672 2599 fefellisset,
2725 2539 2838 2602 per

427 2603 585 2667 alias
645 2602 886 2685 impetu
948 2601 1280 2667 constanti.
1322 2603 1729 2686 perrupisset,
1799 2608 2095 2685 superato
2154 2602 2415 2669 brachio
2475 2602 2544 2667 in
2608 2606 2839 2670 urbem

428 2695 737 2773 penetrat,
784 2688 1108 2769 animique
1170 2688 1568 2770 aliquantum
1634 2688 1719 2752 ad
1779 2688 1991 2753 omnia
2050 2687 2350 2753 audenda
2414 2695 2479 2754 et
2538 2692 2687 2773 spei
2735 2692 2838 2756 ob-

429 2774 619 2840 sessis
663 2772 930 2857 adiecit3
979 2781 1061 2855 et,
1109 2774 1293 2839 simul
1342 2775 1685 2840 constituta
1742 2795 1873 2840 nox
1929 2775 2125 2855 venit,
2190 2796 2273 2839 ex
2334 2777 2690 2861 composito
2748 2790 2901 2858 re-t’t

359 2877 389 2924 9
428 2866 621 2945 pente
666 2880 860 2944 opera
923 2867 1019 2925 est
1080 2881 1439 2944 aggressus
1533 2861 1600 2925 id
1663 2862 1987 2943 inceptum
2049 2867 2279 2925 conatu
2342 2881 2533 2943 quam
2599 2864 2840 2928 effectu

634 3053 682 3105 2.
720 3048 848 3103 dein
885 3050 959 3116 B,
1003 3049 1202 3102 deinde
1225 3052 1354 3114 «cod.
1381 3069 1482 3106 rec.
1517 3052 1524 3115 Ι
1556 3052 1605 3104 3.
1646 3049 1694 3102 Su
1730 3051 1997 3118 p'gressus
2032 3049 2096 3102 B.
2129 3050 2137 3116 Ι
2169 3054 2218 3105 5.
2258 3050 2559 3119 saepienda
2596 3069 2704 3108 om.
2731 3052 2794 3106 Β.
2828 3037 2835 3104 Ι

427 3142 474 3193 7.
513 3139 681 3206 opera
719 3138 846 3192 add.
879 3138 1256 3192 Weissenborn
1292 3138 1438 3206 (τρία
1475 3137 1584 3204 μὲν
1621 3136 1757 3205 ἔργα
1795 3137 2029 3206 Polyb).
2063 3137 2071 3203 1
2103 3140 2152 3193 8.
2190 3136 2438 3191 faciliore
2483 3139 2564 3192 ed.
2592 3146 2727 3206 vet.‚·
2760 3138 2840 3192 fa-

426 3225 616 3279 ciliora
664 3226 779 3280 cod.
817 3224 919 3291 (B).
953 3225 960 3289 Ι
993 3226 1041 3278 9.
1080 3238 1110 3276 0
1156 3223 1382 3291 regione
1432 3223 1780 3291 Aesculapii,
1818 3238 1991 3276 unum
2028 3222 2112 3291 M,
2149 3242 2251 3278 om.
2276 3227 2370 3278 rel.
2396 3226 2511 3281 cod.
2538 3225 2629 3292 (B)
2667 3234 2720 3281 et
2755 3228 2838 3281 ed.

427 3320 552 3367 ante
575 3314 801 3367 Aldum.
834 3312 843 3375 Ι
877 3313 957 3365 12.
985 3325 1110 3362 011111
1147 3310 1407 3364 terribilis
1445 3310 1630 3363 sonitu
1666 3310 1852 3364 editus
1877 3311 1939 3364 Β.
1974 3312 1982 3376 Ι
2016 3312 2097 3366 14.
2123 3308 2452 3364 libromento
2476 3311 2540 3365 B.
2574 3313 2583 3378 Ι
2616 3314 2841 3382 stipites

428 3398 688 3451 robustos
712 3396 775 3450 B.
810 3399 818 3463 Ι
854 3399 934 3451 17.
973 3399 1031 3449 et
1066 3396 1349 3449 nocturnis
1385 3398 1466 3450 ed.
1488 3398 1666 3452 Basil.
1686 3400 1825 3450 1535
1835 3417 1852 3461 ,-
1885 3396 2171 3450 nocturnis
2196 3398 2312 3453 cod.
2339 3397 2426 3464 (B)
2443 3405 2493 3452 et
2515 3399 2601 3454 ed.
2619 3404 2804 3469 prior.
2829 3401 2835 3468 Ι
2900 3419 2901 3428 ’

432 3487 513 3539 19.
552 3499 586 3535 0
630 3501 733 3538 om.
767 3484 831 3536 B.
866 3484 874 3547 Ι
907 3485 991 3537 20.
1041 3482 1325 3535 redierunt
1368 3484 1430 3537 B.
1466 3487 1473 3547 Ι
1503 3487 1726 3551 praetor
1761 3483 1834 3550 M,
1881 3484 2091 3551 Aldus3
2135 3501 2236 3539 om.
2270 3486 2362 3539 rel.
2399 3486 2516 3540 cod.
2544 3485 2636 3554 (B)
2673 3495 2726 3542 et
2759 3489 2838 3542 ed.

421 3571 599 3639 prior.
631 3571 641 3635 Ι
672 3571 756 3624 21.
795 3567 1096 3621 801νο11ᾱο0
1134 3587 1237 3624 om.
1266 3569 1328 3621 B.
1362 3570 1369 3636 Ι
1401 3571 1485 3624 24.
1524 3568 1766 3623 hostium
1802 3587 1903 3624 om.
1929 3568 1992 3622 B.
2026 3571 2036 3635 Ι
2067 3569 2492 3638 aggredirentur
2527 3571 2591 3625 B.
2628 3574 2638 3639 Ι
2670 3577 2756 3629 27.
2793 3574 2840 3627 ἃ

426 3671 465 3723 p
510 3653 647 3707 alias
691 3654 738 3708 B
784 3663 833 3710 et
877 3660 915 3710 2
957 3673 1058 3710 rec.
1094 3656 1102 3721 Ι
1133 3657 1216 3711 28.
1253 3655 1592 3724 perrupisset
1645 3657 1857 3711 Crevier
1865 3677 1885 3724 ;
1929 3656 2204 3725 erupisset
2239 3658 2355 3714 cod.
2379 3656 2466 3724 (B)
2501 3665 2554 3715 et
2591 3661 2678 3716 ed.
2704 3669 2798 3717 vet.
2828 3659 2836 3728 Ι

430 3741 477 3793 81
514 3744 778 3808 superato
813 3740 876 3795 B.
909 3741 918 3807 Ι
951 3744 1034 3796 29.
1072 3740 1476 3808 aliquantulum
1511 3742 1558 3794 B
1595 3750 1644 3796 et
1676 3748 1714 3798 2
1747 3761 1848 3799 rec.
1882 3744 1890 3811 Ι
