2925 4278
636 168 861 222 LIBER
897 168 1225 223 XXXVIII.
1264 168 1429 222 GAP.
1457 172 1506 224 7.
1532 173 1580 224 8.
1622 168 1693 236 [a.
1721 168 1787 224 U.
1814 184 1859 222 c.
1886 170 2029 238 565].
2408 152 2524 215 127

130 345 194 408 in
259 344 552 408 cuniculo
613 349 810 423 erant,
875 343 1236 425 excogitata
1293 363 1411 407 res.
1513 343 1750 407 dolium
1809 363 1850 405 a
1912 342 2111 408 fundo
2181 349 2534 426 pertusum,

132 451 254 513 qua
299 430 518 495 fistula
562 429 811 495 modica
856 430 1051 494 inseri
1096 435 1329 513 posset,
1379 436 1442 493 et
1488 429 1758 493 ferream
1811 429 2087 494 fistulam
2142 430 2527 512 operculum-

131 539 249 600 que
298 516 455 582 dolii
501 516 794 596 ferreum,
842 523 907 580 et
951 516 1158 598 ipsum
1217 516 1504 600 pluribus
1557 516 1712 579 locis
1766 516 2172 600 perforatum,
2220 515 2525 580 fecerunt.

129 604 246 670 hoc
292 603 475 668 tenui
518 603 735 686 pluma
780 603 1160 685 completum
1207 602 1444 666 dolium
1491 621 1599 665 ore
1652 602 1718 665 in
1774 603 2133 666 cuniculum
2188 622 2370 667 verso
2425 624 2530 686 po-

71 709 97 755 5
129 697 410 755 suerunt.
503 710 618 772 per
664 689 940 772 operculi
986 688 1300 753 foramina
1344 689 1731 771 praelongae
1776 689 2019 768 hastae,
2077 709 2234 770 quas
2294 689 2526 753 sarisas
2568 701 2632 748 12

129 782 386 855 vocant,
455 774 538 838 ad
607 774 1095 839 summovendos
1154 774 1367 838 hostes
1437 775 1823 838 emi-nebant.
1917 775 2253 840 scintillam
2321 776 2528 839 levem

129 864 298 946 ignis
368 861 640 925 inditam
702 862 955 945 plumae
1019 860 1169 926 folle
1236 859 1447 924 fabrili
1516 860 1599 924 ad
1667 869 1858 944 caput
1921 861 2169 925 fistulae
2235 862 2528 944 imposito

129 948 346 1013 flando
390 947 837 1013 accenderunt.
927 946 1077 1012 inde
1125 968 1252 1012 non
1298 947 1503 1012 solum
1547 968 1782 1029 magna
1825 947 1925 1011 vis
1970 946 2148 1028 fumi,
2182 947 2295 1012 sed
2325 948 2527 1012 acrior
2567 959 2631 1006 13

130 1036 324 1100 etiam
371 1034 560 1099 foedo
607 1034 881 1116 quodam
928 1033 1117 1097 odore
1165 1053 1246 1097 ex
1307 1033 1538 1097 adusta
1599 1034 1832 1116 pluma,
1895 1053 2038 1097 cum
2097 1039 2296 1099 totum
2359 1035 2528 1099 cuni-

47 1141 97 1187 10
130 1123 344 1187 culum
393 1121 787 1204 complesset,
835 1121 948 1183 vix
995 1119 1223 1183 durare
1270 1119 1604 1201 quisquam
1650 1121 1820 1183 intus
1866 1125 2131 1203 poterat.
2446 1186 2539 1201 „M
2588 1190 2591 1191 f
2644 1182 2665 1185 ,,

302 1208 481 1271 VIII.
532 1209 690 1272 Cum
736 1207 803 1270 in
850 1206 968 1271 hoc
1014 1211 1181 1270 statu
1226 1206 1311 1269 ad
1355 1206 1761 1270 Ambraciam
1814 1226 1916 1270 res
1962 1212 2148 1285 esset,
2194 1207 2389 1290 legati
2444 1209 2525 1271 ab
2604 1219 2629 1265 1

127 1295 376 1360 Aetolis
443 1294 775 1358 Phaeneas
845 1298 909 1356 et
969 1292 1335 1356 Damoteles
1398 1312 1542 1356 cum
1606 1292 1820 1356 liberis
1887 1292 2206 1357 mandatis
2272 1292 2527 1357 decreto

127 1381 343 1466 gentis
402 1380 486 1444 ad
555 1380 875 1444 consulem
938 1384 1266 1442 venerunt.
1361 1399 1510 1441 nam
1585 1384 1837 1461 praetor
1897 1399 2131 1459 eorum,
2198 1399 2341 1443 cum
2402 1379 2529 1442 alia

127 1475 310 1553 parte
357 1466 763 1531 Ambraciam
810 1465 1163 1549 oppugnari
1211 1471 1514 1545 cerneret,
1570 1464 1697 1527 alia
1758 1463 2059 1529 infestam
2120 1486 2295 1530 oram
2355 1466 2527 1529 navi·
2599 1477 2630 1524 2

47 1578 96 1623 15
129 1555 247 1619 bus
306 1552 585 1617 hostium
642 1572 802 1631 esse,
866 1552 994 1615 alia
1046 1551 1520 1634 AmphilochoS,
1581 1551 1915 1634 Dolopiam
1978 1572 2017 1614 a
2074 1552 2529 1616 Macedonibus

127 1640 389 1719 vastari,
437 1658 555 1702 nec
600 1639 857 1705 Aetolos
902 1637 985 1701 ad
1030 1638 1152 1701 tria
1196 1638 1380 1702 simul
1429 1637 1685 1701 diversa
1729 1638 1898 1701 bella
1953 1644 2357 1703 occursantes
2403 1637 2527 1703 suf-

127 1727 340 1806 ficere,
390 1732 735 1790 convocato
784 1725 1046 1790 concilio
1093 1724 1378 1788 Aetoliae
1408 1724 1750 1807 principes,
1798 1723 1952 1806 quid
1983 1725 2305 1807 agendum
2339 1730 2525 1806 esset,

130 1812 464 1878 consuluit.
556 1812 837 1875 omnium
885 1831 957 1875 eo
1004 1811 1358 1875 sententiae
1405 1810 1834 1891 decurrerunt,
1882 1817 1952 1875 ut
2003 1832 2155 1894 an,
2205 1812 2259 1875 si
2288 1818 2522 1895 posset,
2598 1824 2629 1869 3

127 1899 373 1981 aequis,
444 1899 497 1962 si
557 1898 785 1978 minuS,
848 1897 1190 1962 tolerandis
1252 1897 1727 1961 condicionibus
1797 1903 2132 1980 peteretur.
2226 1898 2529 1962 Antiochi

41 2007 97 2054 20
128 1985 366 2050 fiducia
412 1985 646 2049 bellum
708 1990 1096 2066 susceptum3
1154 1984 1466 2049 Antiocho
1526 1990 1694 2047 terra
1752 1984 2036 2065 marique
2098 1990 2393 2067 superato
2463 1989 2527 2048 et
2601 1997 2633 2044 4

131 2092 330 2158 prope
377 2077 563 2136 extra
606 2072 821 2135 orbem
884 2076 1088 2133 terrae
1149 2070 1312 2133 ultra
1370 2070 1523 2153 iuga
1567 2070 1760 2134 Tauri
1821 2078 2046 2135 exacto
2109 2091 2299 2153 quam
2346 2091 2528 2154 spem

135 2179 274 2225 esse
323 2157 681 2223 sustinendi
726 2157 926 2221 belli?
1015 2156 1346 2221 Phaeneas
1394 2165 1457 2220 ct
1504 2158 1871 2222 Damoteles
1917 2157 2085 2238 quod
2148 2178 2182 2221 e
2227 2177 2295 2221 re
2340 2158 2524 2221 Aeto·
2600 2171 2630 2216 5

132 2246 353 2326 lorum,
400 2253 471 2308 ut
514 2245 582 2307 in
629 2244 739 2307 tali
786 2263 954 2321 casu,
1000 2242 1254 2324 fideque
1300 2263 1415 2308 sua
1461 2262 1602 2307 esse
1634 2249 1984 2323 censerent,
2017 2249 2309 2326 agerent3
2358 2242 2526 2325 quod

134 2333 302 2397 enim
349 2331 474 2395 sibi
520 2331 847 2395 consilium
893 2334 1005 2392 aut
1051 2329 1228 2393 cuius
1272 2329 1364 2392 rei
1411 2329 1782 2393 electionem
1827 2350 1867 2393 a
1912 2330 2164 2393 fortuna
2195 2330 2526 2393 relictam?

41 2439 100 2485 25
135 2439 276 2483 cum
323 2417 424 2481 his
470 2416 787 2480 mandatis
829 2415 1025 2498 legati
1071 2416 1247 2479 missi
1294 2434 1473 2479 orare
1521 2417 1859 2496 consulem,
1907 2424 1976 2479 ut
2020 2422 2306 2499 parceret
2359 2416 2523 2495 urbi,
2600 2431 2630 2476 6

131 2506 537 2570 misereretur
580 2503 788 2586 gentis
836 2500 1156 2583 quondam
1204 2501 1431 2581 sociae,
1480 2501 1647 2566 nolle
1691 2501 1902 2565 dicere
1942 2502 2207 2582 iniuriis,
2256 2502 2528 2565 miseriis

134 2599 304 2656 certe
351 2594 610 2654 coactae
664 2588 970 2670 insanire;
1032 2609 1160 2652 non
1206 2588 1349 2671 plus
1403 2587 1555 2650 mali
1611 2588 1868 2653 meritos
1912 2589 2169 2652 Aetolos
2227 2587 2527 2652 Antiochi
2602 2607 2630 2654 7

131 2678 318 2757 bello,
376 2695 569 2758 quam
628 2676 778 2740 boni
832 2680 1003 2754 ante,
1066 2694 1208 2738 cum
1268 2673 1576 2738 adversus
1636 2673 1997 2758 Philippum
2064 2674 2367 2739 bellatum
2429 2675 2529 2755 sit,

132 2764 398 2845 fecisse;
446 2781 566 2825 nec
612 2767 745 2826 tum
790 2762 966 2843 large
1010 2761 1282 2844 gratiam
1327 2760 1593 2823 relatam
1640 2760 1780 2840 sibi,
1827 2780 1949 2824 nec
1977 2781 2146 2824 nunc
2191 2761 2532 2826 immodice

39 2872 98 2918 30
131 2870 408 2934 poenam
468 2847 716 2931 iniungi
775 2847 1026 2911 debere.
1118 2846 1202 2910 ad
1263 2867 1340 2911 ea
1401 2846 1620 2910 consul
1679 2846 2006 2929 respondit
2064 2848 2268 2931 magis
2340 2867 2534 2931 saepe

133 2957 325 3020 quam
375 2954 524 2999 vere
585 2954 886 3016 umquam
931 2934 1189 2998 Aetolos
1247 2952 1474 3017 pacem
1535 2938 1767 3015 petere.
1860 2933 2256 2998 imitarentur
2317 2934 2533 2998 Antio-

341 3127 392 3179 2.
438 3124 598 3191 quasi
642 3119 832 3176 fistula
875 3123 936 3176 B.
971 3125 979 3188 Ι
1019 3126 1067 3178 3.
1116 3120 1324 3174 dolium
1370 3120 1610 3174 ferreum
1654 3121 1718 3174 B.
1752 3122 1759 3187 Ι
1802 3123 1849 3176 5.
1888 3120 2155 3175 foramina
2200 3122 2333 3175 bina
2377 3124 2457 3176 vel
2492 3140 2534 3172 11

129 3213 189 3280 (i.
224 3217 264 3268 i.
300 3212 458 3278 bina)
507 3209 776 3265 foramina
820 3211 959 3264 coni.
994 3211 1108 3264 Iac.
1160 3209 1484 3264 Gronovius.
1519 3209 1527 3273 Ι
1568 3211 1615 3262 9.
1654 3206 1823 3260 odore
1870 3207 1965 3276 ΒΞ,
2012 3210 2126 3264 cod.
2163 3226 2263 3263 rec.
2296 3210 2539 3277 plerique

130 3303 291 3368 (Lov.
321 3301 408 3366 2);
454 3297 677 3350 modore
722 3297 817 3362 B¹,
865 3309 1016 3348 more
1060 3297 1319 3349 nonnulli
1363 3295 1477 3350 cod.
1522 3311 1621 3348 rec.
1667 3295 1888 3361 (Voss),
1943 3294 2135 3348 nidore
2190 3295 2269 3348 ed.
2304 3301 2419 3360 vet„
2467 3297 2536 3362 cf.

130 3391 337 3457 ephem.
379 3387 568 3439 Austr.
614 3387 764 3436 1892.
809 3385 816 3447 1
861 3384 943 3435 10.
989 3378 1347 3447 adimplesset
1401 3381 1483 3433 vel
1537 3378 1934 3445 adimplessent
1984 3381 2230 3434 nonnull.
2277 3381 2393 3435 cod.
2436 3396 2538 3434 rec.

130 3475 360 3540 (Voss),
397 3475 527 3541 fort.
552 3469 851 3537 implesset,
888 3469 957 3534 cf.
986 3483 1122 3535 quae
1167 3467 1288 3520 dixi
1326 3467 1359 3519 l.
1388 3467 1421 3519 l.
1455 3466 1465 3531 Ι
1501 3468 1580 3521 12.
1619 3463 1928 3518 domoteles
1963 3465 2025 3518 B.
2060 3466 2067 3532 Ι
2103 3468 2181 3521 15.
2221 3465 2539 3533 dolophiam

133 3561 197 3628 B,
226 3558 633 3626 Dolopiamque
670 3556 748 3609 ed.
775 3561 870 3608 vet.
904 3555 912 3619 1
949 3555 1027 3607 16.
1066 3551 1407 3605 occursantis
1443 3552 1506 3604 B.
1540 3552 1548 3619 Ι
1583 3555 1662 3607 17.
1691 3551 1956 3604 Aetoliae
1991 3555 2237 3607 nonnull.
2265 3555 2381 3609 cod.
2407 3570 2538 3617 rec„-

132 3646 306 3701 aetoli
351 3645 399 3698 B
446 3651 495 3698 et
541 3644 654 3699 coel.
690 3659 789 3697 rec.
826 3641 1048 3707 (Voss),
1094 3639 1307 3693 aetolos
1359 3642 1430 3694 al.
1458 3657 1560 3694 rec.
1595 3640 1602 3705 Ι
1638 3643 1718 3694 19.
1758 3639 1993 3707 aequius
2026 3639 2089 3693 B.
2123 3643 2131 3706 Ι
2163 3643 2246 3695 22.
2284 3639 2433 3708 quod
2471 3639 2540 3692 de

131 3749 193 3787 re
227 3732 293 3785 B.
326 3734 335 3796 Ι
366 3732 451 3785 26.
488 3728 680 3781 iniuris
715 3727 778 3781 B.
811 3730 819 3793 Ι
851 3725 1086 3779 miseriis
1123 3726 1177 3778 M
1189 3745 1203 3794 ς
1241 3724 1426 3795 dicere
1460 3725 1658 3793 misere
1691 3725 1756 3793 B,
1791 3725 2025 3780 miserae
2057 3729 2138 3782 vel
2173 3726 2388 3779 miseria
2423 3726 2537 3780 cod.

131 3837 234 3875 rec.
270 3819 277 3884 Ι
310 3819 395 3872 31.
432 3830 563 3868 vere
599 3830 859 3882 umquam
895 3831 1000 3868 om.
1027 3812 1088 3865 B.
1123 3817 1130 3877 Ι
