2925 4278
431 141 513 204 66
909 157 1131 210 LIBER
1167 156 1462 210 XXXVII.
1502 156 1664 210 CAP.
1695 160 1774 211 14.
1804 160 1882 212 15.
1925 158 1991 225 [a.
2018 157 2083 211 U.
2111 174 2155 210 c.
2183 159 2324 227 564}

429 353 542 397 ves
588 332 1065 398 excursionibus
1111 332 1344 395 crebm's
1388 332 1470 395 ab
1517 331 1920 414 Hellesponto
1966 338 2156 413 atque
2208 331 2439 415 Abydo
2493 333 2781 397 facerent.

430 420 740 484 traicienti
808 419 1075 484 Aemilio
1134 439 1175 481 a
1234 418 1390 483 Chio
1453 419 1712 484 Samum
1779 416 1943 482 duae
2005 418 2288 483 Rhodiae
2350 419 2782 501 quadriremes,

429 507 660 571 missae
706 507 957 571 obviam
1002 506 1083 569 ab
1130 505 1329 584 Livio,
1378 510 1439 569 et
1485 524 1598 568 rex
1643 505 1959 569 Eumenes
2006 525 2147 569 cum
2208 505 2454 570 duabus
2500 507 2785 589 quinque-

361 616 391 661 4
428 594 705 658 remibus
749 593 1030 657 occurrit.
1122 592 1379 657 Samum
1424 597 1757 675 postquam
1802 598 2058 655 ventum
2106 598 2220 672 est,
2265 600 2528 676 accepta
2572 595 2653 657 ab
2699 594 2785 657 Li-

428 681 531 744 vio
579 680 778 744 classe
825 686 887 744 et
933 679 1256 758 sacrifici0,
1302 684 1370 741 ut
1414 676 1676 758 adsolet,
1722 679 1839 742 rite
1885 677 2051 742 facto
2096 679 2399 744 Aemilius
2467 681 2784 744 consilium
2839 699 2859 743 5

428 767 780 831 advocavit.
872 766 960 830 ibi
1007 766 1074 830 O.
1108 765 1326 829 Livius
1372 803 1456 812 —-
1501 766 1555 828 is
1601 765 1769 828 enim
1815 770 1909 828 est
1954 766 2190 848 primus
2235 772 2494 847 rogatus
2539 774 2783 831 senten·

428 854 580 917 tiam
627 892 709 899 -
756 853 1071 917 neminem
1117 851 1362 916 fidelius
1407 871 1593 936 posse
1638 850 1788 915 dare
1835 852 2160 915 consilium
2206 851 2368 915 dixit
2398 873 2586 933 quam
2631 874 2783 931 eum,

431 941 539 1022 qui
582 939 649 1003 id
692 940 871 1003 alteri
919 938 1228 1019 suaderet,
1278 937 1443 1020 quod
1490 939 1645 1021 ipse,
1693 938 1746 1001 si
1790 938 1856 1002 in
1904 937 2125 1003 eodem
2171 939 2307 1003 loco
2356 946 2538 1019 esset,
2599 939 2786 1004 factu-

361 1048 390 1093 5
429 1047 534 1090 rus
580 1026 800 1090 fuerit:
850 1046 916 1090 se
961 1026 1027 1089 in
1072 1025 1281 1089 animo
1327 1024 1625 1089 habuisse
1672 1031 1802 1089 tota
1847 1025 2046 1089 classe
2091 1024 2410 1108 Ephesum
2469 1031 2687 1110 petere
2732 1034 2787 1090 et

426 1113 746 1178 onerarias
792 1111 1021 1176 ducere
1068 1112 1264 1176 multa
1309 1112 1570 1175 saburra
1613 1118 1930 1194 gravatas,
1977 1119 2167 1194 atque
2216 1131 2323 1176 eas
2382 1112 2449 1175 in
2505 1112 2787 1177 faucibus
2818 1131 2861 1176 10

360 1219 389 1265 6
427 1207 640 1284 portus
687 1200 1094 1283 supprimere.
1188 1205 1249 1263 et
1310 1219 1383 1262 eo
1442 1198 1703 1262 minoris
1761 1193 2104 1262 molimenti
2168 1218 2244 1262 ea
2303 1199 2575 1264 claustra
2635 1220 2786 1279 esse,

427 1287 594 1368 quod
638 1287 704 1350 in
750 1287 1027 1350 fluminis
1072 1284 1326 1349 modum
1371 1286 1630 1369 longum
1678 1291 1739 1348 et
1769 1292 2105 1367 angustum
2139 1292 2201 1348 et
2230 1285 2536 1350 vadosum
2567 1288 2787 1351 ostium

425 1382 639 1458 portus
686 1374 782 1437 sit.
876 1374 964 1436 ita
1006 1372 1444 1455 adempturum
1506 1392 1574 1436 se
1618 1371 1810 1435 maris
1870 1392 2050 1435 usum
2109 1371 2395 1437 hostibus
2455 1372 2651 1437 fuisse
2711 1374 2789 1437 in-

360 1480 383 1525 1
424 1461 765 1542 utilemque
827 1459 1089 1523 classem
1151 1458 1480 1523 facturum.
1572 1458 1710 1521 XV.
1774 1457 1945 1521 Nulli
1977 1468 2083 1523 'ea
2142 1459 2392 1541 placere
2459 1461 2786 1523 sententia.

420 1548 738 1611 Eumenes
783 1566 897 1610 rex
945 1546 1275 1626 quaesivit,
1323 1544 1477 1626 quid
1521 1543 1828 1608 tandem?
1875 1545 1982 1608 ubi
2027 1544 2331 1609 demersis
2378 1546 2650 1610 navibus
2682 1547 2866 1611 fre15

424 1641 682 1698 nassent
727 1633 997 1697 claustra
1040 1632 1250 1712 maris,
1296 1639 1503 1695 utrum
1548 1631 1747 1695 libera
1806 1652 1920 1697 sua
1980 1632 2178 1695 classe
2238 1633 2593 1696 abscessuri
2649 1633 2790 1697 inde

425 1720 631 1785 forent
669 1719 753 1783 ad
783 1738 966 1802 opem
998 1718 1324 1782 ferendam
1357 1718 1542 1782 sociis
1573 1725 1993 1799 terroremque
2024 1718 2310 1783 hostibus
2341 1719 2787 1802 praebendum,

357 1828 386 1873 2
423 1828 506 1871 an
553 1807 746 1871 nihilo
793 1806 998 1869 minus
1044 1811 1174 1869 tota
1221 1805 1418 1869 classe
1462 1811 1711 1888 portum
1758 1805 2073 1869 obsessuri
2099 1805 2131 1867 Ῥ
2188 1806 2322 1869 sive
2369 1807 2535 1869 enim
2582 1808 2790 1872 absce-

424 1893 596 1976 dant,
653 1893 748 1957 cui
805 1891 1065 1957 dubium
1127 1912 1285 1971 esse,
1332 1892 1484 1972 quin
1544 1890 1756 1954 hostes
1824 1892 2162 1955 extracturi
2217 1891 2536 1956 demersas
2597 1894 2790 1958 moles

423 1981 549 2045 sint
595 1986 657 2043 et
702 1980 939 2044 minore
985 1979 1346 2044 molimento
1392 1977 1668 2061 aperturi
1715 1984 1961 2060 portum
2007 1998 2194 2059 quam
2242 1978 2653 2044 obstruatur?
2700 1981 2790 2044 sin
2820 1993 2869 2041 20

422 2073 633 2130 autem
678 2064 1061 2130 manendum
1108 2065 1195 2129 ibi
1242 2064 1647 2129 nihilominus
1711 2065 1809 2146 sit,
1857 2064 2008 2146 quid
2067 2065 2335 2129 attinere
2396 2065 2600 2129 claudi
2666 2087 2793 2152 por-

354 2177 384 2222 3
424 2154 604 2218 tum‘?
652 2155 800 2236 quin
850 2161 1064 2218 contra
1108 2153 1264 2232 illos,
1311 2152 1622 2217 tutissimo
1666 2159 1869 2236 portu,
1902 2152 2375 2236 opulentissima
2405 2153 2559 2218 urbe
2590 2154 2792 2218 fruen-

424 2249 537 2323 teS,
607 2241 819 2305 omnia
878 2241 1033 2304 Asia
1098 2241 1460 2322 praebente,
1531 2240 1746 2320 quieta
1811 2240 2056 2303 aestiva
2122 2247 2407 2322 acturos3
2476 2242 2794 2305 Romanos

422 2335 640 2412 aperto
687 2328 752 2391 in
800 2327 957 2390 mari
1002 2326 1296 2390 fluctibus
1344 2326 1950 2409 tempestatibusque
2009 2326 2304 2406 obiectoS,
2366 2327 2648 2391 omnium
2712 2329 2795 2390 in-

424 2435 594 2497 opes,
641 2415 706 2477 in
752 2412 1020 2478 adsidua
1065 2414 1333 2478 statione
1392 2412 1654 2492 futuroS,
1701 2413 1871 2495 ipsos
1931 2413 2133 2496 magis
2192 2413 2481 2495 alligatos
2535 2414 2794 2498 impedi·
2828 2429 2877 2475 25

356 2525 386 2567 4
424 2510 664 2583 tosque,
714 2522 793 2565 ne
841 2499 992 2582 quid
1037 2520 1269 2580 eorum,
1317 2519 1481 2581 quae
1526 2498 1777 2582 agenda
1832 2500 1975 2578 sint,
2037 2500 2279 2582 possint
2330 2519 2540 2583 agere,
2604 2522 2794 2582 quam

356 2610 387 2654 5
423 2597 492 2652 ut
534 2587 746 2653 hostes
793 2588 1037 2652 clausos
1081 2586 1374 2650 habeant.
1470 2585 1790 2650 Eudamus
1836 2585 2189 2669 praefectus
2233 2585 2519 2650 Rhodiae
2575 2588 2796 2653 classis

423 2675 626 2757 magis
672 2695 811 2738 eam
858 2674 978 2738 sibi
1022 2672 1354 2757 displicere
1414 2672 1791 2737 sententiam
1836 2671 2126 2752 ostendit,
2190 2694 2376 2754 quam
2421 2673 2578 2756 ipse,
2649 2673 2797 2757 quid

357 2783 387 2828 6
427 2767 710 2825 censeret
755 2758 1131 2839 faciendum,
1195 2759 1372 2823 dixit.
1462 2759 1792 2858 Epicrates
1852 2758 2136 2823 Rhodius
2196 2760 2428 2824 omissa
2493 2760 2559 2822 in
2623 2781 2798 2846 prae·

421 2847 624 2911 sentia
668 2845 919 2929 Epheso
963 2844 1335 2910 mittendam
1382 2846 1639 2908 navium
1687 2851 1927 2927 partem
1972 2845 2036 2908 in
2084 2846 2348 2946 Lyciam
2405 2848 2673 2929 censuit,
2740 2855 2799 2912 et
2831 2862 2882 2910 30

352 2955 379 3001 7
419 2934 667 3014 Patara,
731 2940 919 3015 caput
963 2933 1191 3016 gentis,
1238 2932 1304 2995 in
1366 2932 1732 2996 societatem
1792 2930 2217 3014 adiungenda.
2324 2933 2390 2995 in
2452 2931 2615 2998 duas
2680 2955 2801 2999 ma·

417 3040 580 3103 gnas
624 3040 724 3084 res
768 3019 835 3083 id
881 3021 1019 3084 usui
1065 3019 1231 3084 fore:
1281 3026 1342 3083 et
1385 3017 1686 3098 Rhodios,
1734 3018 1977 3101 pacatis
2040 3026 2257 3083 contra
2300 3019 2570 3082 insulam
2621 3042 2801 3085 suam

632 3214 675 3265 1.
724 3209 929 3263 crebris
975 3229 1074 3264 om.
1114 3210 1173 3262 B.
1210 3211 1217 3275 Ι
1256 3208 1327 3261 ad
1372 3207 1718 3276 hellesponto
1763 3208 1823 3260 B.
1858 3211 1865 3272 Ι
1906 3211 1953 3262 3.
2004 3207 2171 3262 misso
2218 3209 2278 3262 B.
2313 3211 2320 3276 1
2354 3213 2400 3264 5.
2447 3214 2511 3261 ut
2557 3229 2662 3265 om.
2700 3211 2797 3270 ΒΛ

427 3301 504 3351 10.
542 3297 801 3350 reducere
840 3297 909 3361 M,
947 3296 1217 3349 deducere
1253 3297 1641 3350 Drakenborch
1675 3297 1736 3349 in
1771 3297 1898 3349 adn.
1933 3297 1941 3360 Ι
1975 3298 2053 3351 18.
2090 3301 2253 3363 portu
2291 3296 2352 3348 B.
2385 3299 2393 3362 Ι
2425 3295 2472 3349 si
2509 3296 2656 3349 enim
2695 3299 2802 3351 duo

423 3385 537 3437 cod.
563 3402 680 3452 rec„
720 3385 994 3453 Siyonius.
1028 3385 1036 3448 Ι
1067 3382 1405 3435 abscendant
1442 3382 1504 3434 B.
1539 3386 1547 3449 1
1583 3385 1660 3437 19.
1700 3380 1995 3435 extracturi
2020 3383 2089 3450 M,
2128 3385 2334 3450 Aldu85
2370 3383 2677 3436 detracturi
2713 3387 2802 3438 rel.

423 3471 536 3524 cod.
574 3470 661 3535 (B)
717 3476 765 3524 et
818 3472 895 3523 ed.
934 3471 1215 3538 antiquiss
1250 3471 1257 3536 Ι
1289 3472 1371 3524 20.
1409 3468 1733 3523 obstruatur
1777 3471 1854 3523 ed.
1886 3469 2093 3537 Camp„
2131 3471 2262 3524 Par.
2289 3474 2454 3537 1513;
2494 3469 2806 3523 instruatur

424 3557 535 3610 cod.
570 3558 578 3620 1
609 3559 691 3610 21.
730 3554 1114 3609 nichilominus
1150 3556 1211 3608 B.
1244 3558 1252 3621 Ι
1285 3557 1370 3620 sit,
1407 3555 1543 3624 quid
1578 3558 1657 3610 ed.
1695 3564 1789 3610 vet.
1828 3575 1963 3625 quas
2000 3558 2115 3611 vidi
2158 3575 2364 3624 onmes,-
2407 3556 2540 3624 quid
2567 3558 2716 3625 (quit
2740 3557 2806 3622 B)

423 3645 556 3711 cod„
590 3645 772 3697 Hertz.
806 3646 813 3708 Ι
845 3646 926 3697 22.
978 3641 1209 3696 fruentis
1245 3643 1307 3695 B.
1341 3648 1348 3708 1
1381 3647 1462 3698 26.
1501 3649 1727 3711 possent
1763 3643 1832 3696 M.
1866 3646 1873 3709 1
1906 3647 1989 3698 27.
2027 3643 2203 3697 hostis
2239 3643 2302 3696 B.
2333 3647 2340 3708 Ι
2373 3642 2660 3696 habebant
2698 3645 2763 3697 B.

423 3733 504 3784 31.
550 3730 750 3783 Patara
794 3730 856 3796 B,
902 3731 980 3783 ed.
1019 3731 1195 3784 Basil.
1234 3735 1405 3796 1535,·
1457 3734 1704 3798 pataram
1751 3733 1863 3786 cod.
1902 3749 1999 3785 rec.
2038 3739 2087 3784 et
2135 3733 2211 3784 ecl.
2250 3737 2345 3784 vet.
2392 3732 2401 3797 Ι
2444 3729 2805 3797 adiungenda

422 3819 468 3871 Ι.
496 3819 562 3872 F.
596 3818 902 3872 Gronovius
911 3837 930 3882 ‚·
965 3815 1316 3883 adiungenda
1340 3817 1402 3879 B,
1440 3818 1556 3871 cod.
1581 3835 1681 3872 rec.
1709 3826 1757 3872 et
1789 3819 1868 3872 ed.
1895 3825 1987 3871 vet.
2024 3819 2032 3884 Ι
2064 3821 2145 3872 32.
2185 3822 2374 3869 contra
2409 3816 2471 3884 B,
2507 3819 2586 3871 ed.
2615 3819 2800 3872 Bas-il.
