2925 4278
389 121 476 185 50
941 138 1164 190 LIBER
1201 137 1502 191 xxxvn.
1543 137 1707 191 eAP.
1739 142 1782 193 1.
1824 138 1897 205 [a.
1924 138 1990 191 U.
2016 153 2060 190 ο.
2092 137 2234 205 564}

319 322 350 368 9
596 311 791 374 Exitu
838 310 990 374 anni
1037 311 1292 375 comitia
1336 313 1573 375 Romae
1620 311 1857 391 habita,
1906 311 2133 393 quibus
2180 310 2374 375 creati
2436 317 2584 374 sunt
2643 331 2784 376 con-

389 397 558 461 sules
602 398 671 460 L.
710 397 1035 462 Cornelius
1082 397 1293 481 Scipio
1342 403 1405 461 et
1452 398 1520 463 O.
1556 397 1808 462 Laelius
1858 435 1937 442 —
1982 397 2353 462 Africanum
2384 397 2784 462 intuentibus

391 483 633 548 cunctis
671 522 753 529 —
801 483 884 547 ad
928 483 1278 547 finiendum
1325 504 1467 547 cum
1509 483 1820 547 Antiocho
1851 483 2105 548 bellum.
2184 490 2433 566 postero
2465 482 2572 547 die
2605 504 2782 567 prae·

389 578 557 633 tores
606 570 800 634 creati
848 571 928 633 M.
964 570 1235 635 Tuccius
1282 571 1352 634 L.
1386 570 1850 634 Aurunculeius
1897 570 2011 635 On.
2045 570 2309 635 Fulvius
2355 569 2424 634 L.
2468 570 2784 633 Aemilius
2899 632 2900 651 ἦ

389 656 459 718 Ρ.
494 656 715 720 Iunius
765 656 831 721 C.
865 656 1119 720 Atinius
1162 656 1396 720 Labeo.
2850 666 2871 710 5

1350 1084 1446 1180 T.
1515 1083 1812 1181 LIVI

986 1298 1141 1378 AB
1207 1297 1546 1378 URBE
1610 1297 2176 1379 CONDITA

1248 1504 1537 1567 LIBER
1591 1504 1925 1567 XXXVII.

325 1690 351 1736 1
600 1677 648 1739 I.
699 1678 769 1740 L.
806 1677 1095 1742 Cornelio
1143 1678 1438 1761 Scipione
1488 1678 1556 1741 C.
1590 1677 1804 1741 Laelio
1837 1677 2197 1742 consulibus
2243 1678 2418 1741 nulla
2464 1679 2642 1761 prius
2696 1699 2793 1744 se·

390 1761 668 1826 cundum
712 1763 1049 1846 religiones
1094 1770 1239 1827 acta
1283 1764 1349 1826 in
1405 1769 1629 1826 senatu
1684 1783 1784 1827 res
1840 1769 1934 1826 est
1987 1783 2177 1843 quam
2241 1763 2321 1827 de
2366 1765 2626 1828 AetoliS.
2726 1773 2792 1829 et
2835 1774 2885 1819 10

387 1849 585 1931 legati
633 1869 847 1913 eorum
893 1849 1273 1928 institerunt,
1316 1849 1466 1929 quia
1511 1851 1773 1914 brevem
1818 1847 2203 1913 indutiarum
2235 1849 2403 1914 diem
2434 1850 2791 1931 habebant,

393 1944 457 1999 et
501 1936 583 1998 ab
628 1936 701 1999 Τ.
737 1934 1052 2014 Quinctio,
1102 1936 1209 2016 qui
1255 1942 1390 1998 tum
1435 1936 1702 1998 Romam
1765 1955 1846 1998 ex
1895 1935 2163 2000 Graecia
2223 1935 2516 2015 redierat,
2580 1936 2793 2001 adiuti

323 2033 355 2079 2
394 2029 557 2085 sunt.
651 2021 877 2100 Aetoli,
926 2028 993 2085 ut
1040 2021 1268 2102 quibus
1328 2022 1470 2104 plus
1529 2022 1596 2084 in
1652 2020 2082 2086 misericordia
2143 2028 2402 2086 senatus
2463 2042 2657 2103 quam
2722 2023 2794 2087 in

394 2127 586 2173 causa
631 2107 767 2190 spei
815 2115 998 2187 esset,
1046 2108 1412 2191 suppliciter
1474 2114 1757 2191 egerunt,
1821 2108 2142 2172 veteribus
2202 2108 2555 2174 benefactis
2616 2129 2795 2175 nova

323 2205 356 2251 3
393 2201 737 2277 pensantes
784 2194 1108 2258 maleficia.
1202 2201 1479 2258 ceterum
1528 2201 1590 2258 et
1636 2201 2004 2277 praesentes
2046 2195 2644 2277 interrogationibus
2676 2216 2795 2261 un·
2839 2205 2888 2251 15

395 2280 585 2361 dique
633 2286 1012 2360 senatorum,
1062 2281 1525 2345 confessionem
1571 2281 1775 2362 magis
1821 2300 2030 2345 noxae
2076 2301 2266 2361 quam
2312 2300 2618 2364 responsa
2678 2302 2797 2346 ex-

394 2366 821 2451 primentium,
870 2366 1122 2449 fatigati
1169 2374 1333 2446 sunt,
1383 2375 1445 2430 et
1492 2367 1803 2430 excedere
1851 2367 2023 2430 curia
2076 2367 2230 2432 iussi
2291 2387 2594 2451 magnum
2659 2388 2797 2433 cer·

607 2559 651 2610 1.
700 2560 830 2608 sunt
882 2556 951 2622 M,
999 2557 1283 2625 Moyunt.;
1333 2573 1436 2610 om.
1480 2558 1572 2609 rel.
1619 2557 1734 2610 cod.
1773 2563 1820 2610 et
1866 2558 1946 2610 ecl.
1981 2559 2269 2625 antiquiss,
2311 2558 2319 2622 Ι
2360 2560 2409 2612 2.
2457 2554 2800 2611 Africanum

394 2641 735 2708 (affricanum
781 2642 845 2707 B)
892 2642 953 2708 B,
1001 2644 1183 2696 Mead.
1215 2647 1267 2710 2,
1315 2644 1379 2697 de
1425 2644 1859 2711 interpunctione
1905 2650 1953 2696 et
1996 2645 2263 2697 sententia
2317 2645 2387 2710 cf.
2433 2644 2515 2697 M.
2553 2644 2801 2698 Mueller

390 2746 576 2797 proyr.
606 2730 848 2783 Stendal.
876 2734 1015 2781 1888
1044 2747 1102 2797 p.
1128 2733 1178 2795 8,
1217 2730 1280 2782 de
1304 2731 1569 2782 sententia
1594 2731 1755 2782 etiam
1782 2730 2014 2797 Madvig]
2036 2731 2157 2782 Em.
2180 2730 2247 2782 L.
2261 2747 2323 2797 p.
2343 2733 2473 2796 527;
2509 2728 2801 2784 africanus

396 2814 694 2880 (africanus
744 2814 964 2882 legatus
1011 2816 1146 2869 Lov.
1179 2817 1234 2881 2)
1272 2816 1386 2869 cod.
1421 2832 1521 2869 ree.
1550 2816 1796 2883 plerique
1843 2821 1890 2868 et
1935 2815 2014 2868 ecl.
2043 2817 2346 2883 antiquiss,
2386 2813 2642 2868 Africani
2680 2817 2803 2871 duo

396 2901 615 2968 legatos
662 2903 798 2956 coni.
837 2903 1160 2970 Heusinyer,
1206 2919 1307 2954 om.
1342 2902 1611 2969 Moqunt„
1660 2903 1708 2955 I.
1736 2902 1803 2955 F.
1836 2902 2146 2956 Gronovius
2184 2900 2535 2969 (Africanum
2572 2901 2802 2956 intuen-

396 2987 547 3040 tibus
594 2986 807 3040 cunctis
856 2986 1184 3047 ad<iutorem
1229 2985 1477 3039 futurum
1525 2985 1615 3048 ad>
1653 2986 1953 3039 finiendum
1992 2990 2130 3043 coni.
2158 2989 2237 3041 M.
2265 2990 2500 3042 Mueller
2538 2991 2570 3041 l.
2600 2991 2634 3042 l.
2655 3008 2717 3057 p.
2746 2996 2803 3057 8,

395 3077 446 3129 si
492 3076 581 3129 eui
625 3076 990 3140 interpunctio
1036 3076 1136 3128 illa
1185 3092 1298 3128 non
1340 3076 1703 3141 satisfaceret;
1746 3075 1840 3128 sed
1877 3077 1946 3143 ef.
1982 3076 2058 3128 H.
2086 3077 2134 3128 Ι.
2162 3078 2396 3130 Mueller
2439 3094 2568 3129 ann.
2605 3079 2801 3132 Berol.

398 3165 537 3215 1889
565 3179 623 3229 p.
650 3165 734 3214 25.
776 3190 841 3198 —
886 3161 1163 3230 Quaedam
1216 3162 1556 3215 intercidisse
1602 3162 2068 3216 Weissenbornius
2115 3179 2319 3230 quoque
2363 3163 2425 3216 in
2468 3163 2549 3215 ecl.
2591 3165 2800 3218 Teubn.

395 3249 697 3312 statuerat).
732 3250 740 3310 Ι
772 3250 830 3298 et
865 3246 1153 3299 ruentibus
1191 3246 1402 3299 cunctis
1431 3247 1607 3314 pauci
1644 3247 1757 3301 cod.
1784 3264 1886 3301 ree.
1912 3248 2133 3313 (Voss),
2157 3246 2383 3300 intentis
2409 3247 2626 3300 cunctis
2652 3252 2700 3303 Ι.
2727 3252 2801 3304 F.

401 3334 730 3388 Gronovius.
764 3334 771 3397 Ι
803 3336 852 3386 4.
891 3332 1130 3385 Tuccius
1181 3333 1464 3399 Gelenius;
1507 3332 1684 3385 tutius
1731 3333 1864 3386 Lov.
1889 3337 1941 3398 2,
1988 3331 2180 3385 tullius
2227 3334 2341 3388 eod.
2370 3335 2618 3402 plerique
2654 3335 2800 3404 (Bm

400 3421 448 3473 5.
490 3417 686 3471 labaeo
723 3418 785 3471 B.
819 3419 826 3484 Ι

611 3504 724 3556 Titi
779 3504 902 3556 Livi
966 3502 1037 3556 ab
1090 3503 1228 3556 urbe
1284 3503 1509 3557 condita
1562 3503 1702 3556 liber
1756 3503 2009 3558 XXXVI
2067 3503 2305 3571 explicit.
2396 3504 2597 3572 Incipit
2653 3507 2808 3561 liber

402 3590 699 3643 XXXVII.
738 3590 800 3643 B.
834 3592 841 3655 Ι

613 3679 693 3731 11.
739 3675 1054 3728 institerunt
1097 3676 1172 3740 B3
1216 3675 1467 3728 institere
1515 3677 1630 3732 cod.
1663 3694 1765 3731 rec.
1792 3683 1840 3731 et
1877 3679 1957 3731 ed.
1983 3683 2096 3742 vet„
2134 3675 2389 3729 insistere
2427 3675 2481 3728 M
2518 3685 2569 3731 et
2604 3684 2641 3732 3
2677 3681 2806 3735 cod.

400 3781 501 3817 ree.
541 3763 750 3829 (Voss.)
782 3765 791 3828 Ι
826 3764 904 3815 16.
946 3761 1376 3828 experimentum
1411 3762 1474 3815 B.
1508 3765 1516 3829 Ι
