2925 4278
671 176 897 229 LIBER
932 175 1258 230 XXXVIII.
1298 175 1465 229 CAP.
1493 179 1574 231 57.
1602 179 1685 232 58.
1724 175 1799 243 [a.
1829 177 1890 230 U.
1917 191 1962 230 e.
1990 177 2127 244 567].
2469 155 2592 221 185

202 350 621 436 respondisse.
714 349 872 414 haec
924 349 1005 414 de
1058 357 1234 415 tanto
1286 350 1441 431 vir0,
1506 369 1889 432 quamquam
1950 356 2013 414 et
2065 347 2468 433 opinionibus
2528 354 2592 413 et

202 438 627 504 monumentis
670 437 1017 501 litterarum
1061 437 1398 517 variarent,
1444 434 1857 520 proponenda
1903 442 2098 500 erant.

409 525 637 589 LVIII.
685 522 945 589 Iudiciis
997 544 1037 587 a
1091 522 1165 599 Q.
1214 524 1511 588 Terentio
1563 529 1851 607 praetore
1907 523 2223 606 perfectis,
2280 521 2589 587 Hostilius
2666 534 2689 579 1

204 619 266 677 et
312 611 539 676 Furius
592 610 875 675 damnati
927 611 1196 695 praedes
1251 608 1476 675 eodem
1528 610 1631 674 die
1686 609 2123 691 quaestoribus
2175 608 2434 673 urbanis
2486 606 2589 672 de-

121 718 162 766 5
203 698 458 782 derunt3
514 697 726 781 Scipio
779 717 921 762 cum
978 696 1386 763 contenderet
1445 716 1696 761 omnem
1758 716 1949 778 quam
2000 695 2350 781 accepisset
2405 713 2588 778 pecu·
2662 705 2691 751 2

202 785 375 849 niam
428 786 494 849 in
548 784 793 849 aerario
839 803 999 868 esse,
1055 804 1175 850 nec
1230 804 1299 849 se
1353 783 1691 866 quicquam
1744 782 1983 866 publici
2033 783 2290 862 habere,
2344 782 2410 845 in
2456 781 2587 844 vin-

201 873 344 936 cula
409 871 555 936 duci
623 877 719 936 est
785 878 1063 955 coeptus.
1160 871 1229 935 P.
1291 871 1504 954 Scipio
1579 871 1815 934 Nasica
1887 869 2170 934 tribunos
2242 868 2588 953 appeUavit
2661 879 2692 925 3

200 958 673 1040 orationemque
739 957 961 1023 habuit
1027 958 1285 1042 plenam
1343 957 1512 1022 veris
1579 956 1915 1022 decoribus
1982 976 2109 1021 non
2178 955 2589 1020 communiter

200 1045 387 1110 modo
438 1045 765 1111 Corneliae
807 1045 1037 1128 gentis,
1085 1043 1200 1110 sed
1243 1044 1494 1127 proprie
1538 1043 1818 1108 familiae
1850 1063 2019 1108 suae.
2098 1049 2393 1127 parentes
2438 1061 2586 1106 suos
2657 1052 2691 1098 4

81 1151 157 1198 10
200 1137 264 1196 et
310 1132 378 1195 P.
427 1131 709 1196 Africani
755 1152 832 1196 ac
876 1133 945 1196 L.
982 1131 1317 1216 ScipioniS,
1365 1131 1473 1212 qui
1518 1131 1585 1194 in
1632 1150 1946 1195 carcerem
1993 1128 2342 1209 duceretur,
2389 1128 2586 1192 fuisse

201 1219 315 1283 Cn.
365 1225 426 1283 et
475 1219 540 1283 P.
589 1218 934 1302 Scipiones,
983 1218 1361 1284 clarissimos
1405 1218 1591 1282 viros.
1674 1237 1803 1298 eos,
1852 1237 1993 1282 cum
2040 1237 2153 1300 per
2197 1216 2435 1297 aliquot
2478 1235 2585 1278 an·
2658 1225 2689 1273 5

197 1326 315 1370 nos
357 1305 425 1370 in
471 1311 641 1370 terra
683 1305 996 1389 Hispania
1038 1304 1346 1370 adversus
1386 1304 1614 1368 multos
1650 1304 2004 1369 Poenorum
2033 1303 2586 1386 Hispanorumque

199 1399 262 1456 et
292 1391 488 1457 duces
519 1399 582 1456 et
613 1393 930 1456 exercitus
960 1392 1235 1456 nominis
1279 1392 1549 1456 Romani
1594 1390 1831 1455 famam
1876 1390 2209 1455 auxissent
2253 1410 2379 1454 non
2418 1389 2584 1453 bello

197 1479 419 1560 solum,
476 1476 589 1543 se'd
643 1476 809 1560 quod
861 1479 1187 1543 Romanae
1240 1478 1698 1562 temperantiae
1752 1476 2027 1559 fideique
2085 1476 2406 1559 specimen
2458 1474 2584 1539 illis
2657 1488 2687 1535 6

76 1582 154 1631 15
195 1565 493 1649 gentibus
554 1563 897 1645 dedissent,
960 1563 1045 1627 ad
1105 1570 1458 1628 extremum
1520 1565 1706 1629 ambo
1767 1584 1879 1649 pro
1940 1584 2008 1628 re
2069 1563 2324 1647 publica
2385 1567 2585 1626 morte

196 1651 584 1716 occubuisse.
677 1670 818 1715 cum
877 1650 1123 1714 illorum
1182 1650 1447 1733 gloriam
1507 1651 1669 1716 tueri
1729 1651 1995 1735 posteris
2056 1650 2209 1715 satis
2271 1656 2457 1729 esset,
2511 1649 2580 1713 P.
2659 1663 2687 1710 7

197 1736 566 1800 Africanum
611 1743 855 1800 tantum
900 1742 1197 1821 paternas
1249 1737 1665 1820 superiecisse
1718 1737 1955 1819 laudes,
2008 1745 2077 1802 ut
2129 1736 2320 1802 fidem
2366 1735 2587 1802 fecerit

195 1844 324 1889 non
372 1823 683 1907 sanguine
727 1823 1002 1888 humano
1048 1822 1161 1889 sed
1206 1823 1401 1907 stirpe
1446 1823 1665 1888 divina
1710 1832 1916 1889 satum
1971 1844 2039 1889 se
2085 1845 2244 1890 esse.
2335 1824 2406 1888 L.
2456 1822 2582 1888 Sci·
2655 1837 2686 1883 8

196 1910 471 1994 pionem,
526 1908 607 1975 de
663 1930 785 1992 quo
839 1917 1085 1993 agatur,
1141 1918 1228 1991 ut,
1283 1931 1447 1992 quae
1501 1910 1567 1975 in
1621 1911 1953 1995 Hispania,
2009 1931 2173 1993 quae
2224 1911 2291 1974 in
2344 1909 2583 1990 Africa,

49 2013 153 2062 ³20
197 2017 340 2062 cum
393 1996 641 2080 legatus
693 1997 905 2063 fratris
959 2003 1145 2079 esset,
1198 1998 1522 2081 gessisset,
1584 2003 2078 2082 praetereantur,
2141 1997 2459 2062 consulem
2522 2002 2586 2060 et

192 2086 276 2150 ab
332 2090 557 2150 senatu
610 2083 873 2168 dignum
931 2083 1208 2167 ductum,
1264 2085 1363 2150 cui
1418 2093 1601 2150 extra
1653 2092 1883 2151 sortem
1937 2084 2092 2150 Asia
2136 2082 2465 2168 provincia
2519 2088 2585 2147 et

192 2172 428 2237 bellum
489 2191 629 2236 cum
690 2172 1003 2236 Antiocho
1063 2193 1212 2255 rege
1273 2171 1735 2251 decerneretur,
1803 2179 1864 2236 et
1916 2191 1957 2234 a
2010 2171 2224 2250 fratre,
2280 2170 2382 2234 cui
2440 2176 2584 2252 post

192 2258 354 2323 duos
415 2257 775 2321 consulatus
836 2277 1290 2340 censuramque
1354 2265 1416 2321 et
1477 2257 1863 2340 triumphum
1930 2256 2176 2338 legatus
2235 2257 2300 2319 in
2362 2256 2581 2321 Asiam

190 2346 330 2409 iret.
421 2343 511 2408 ibi
555 2364 638 2408 ne
683 2342 1054 2426 magnitudo
1099 2349 1161 2408 et
1204 2342 1505 2427 splendor
1548 2343 1749 2426 legati
1794 2342 2087 2408 laudibus
2133 2342 2405 2407 consulis
2451 2341 2583 2407 offi-
2656 2362 2686 2409 9

78 2447 150 2495 25
195 2436 386 2511 ceret,
441 2430 601 2494 forte
644 2429 735 2493 ita
780 2429 1098 2510 incidisse,
1154 2436 1241 2511 ut,
1292 2450 1414 2511 quo
1471 2428 1575 2494 die
1620 2430 1704 2493 ad
1757 2429 2152 2513 Magnesiam
2207 2429 2408 2512 signis
2463 2429 2580 2493 col·
2686 2453 2687 2456 ¹

191 2518 341 2582 latis
384 2517 454 2580 L.
490 2516 701 2600 Scipio
746 2515 1127 2581 Antiochum
1176 2516 1532 2597 devicisset,
1579 2536 1772 2600 aeger
1816 2517 1884 2580 P.
1921 2516 2131 2599 Scipio
2176 2516 2409 2580 Elaeae
2455 2514 2580 2580 die-

191 2623 336 2669 rum
394 2603 634 2684 aliquot
690 2603 798 2667 via
859 2604 1130 2669 abesset.
1222 2623 1348 2667 non
1408 2602 1605 2668 fuisse
1665 2603 1972 2669 minorem
2033 2623 2178 2668 eum
2232 2602 2581 2667 exercitum
2621 2623 2685 2670 10

197 2708 387 2771 quam
419 2690 819 2772 Hannibalis,
866 2710 1008 2754 cum
1040 2711 1162 2772 quo
1191 2689 1258 2754 in
1289 2688 1505 2754 Africa
1536 2697 1701 2755 esset
1730 2696 2109 2774 pugnatum3
2158 2689 2584 2754 Hannibalem

197 2773 471 2840 eundem
517 2776 714 2842 fuisse
759 2777 924 2843 inter
953 2778 1180 2842 multos
1224 2777 1380 2842 alios
1423 2777 1632 2861 regios
1677 2775 1892 2858 duces,
1941 2777 2048 2859 qui
2091 2776 2432 2859 imperator
2469 2776 2587 2839 Pu-

85 2878 157 2927 3o
197 2862 330 2927 nici
375 2862 524 2928 belli
568 2863 775 2928 fuerit.
869 2870 932 2928 et
974 2865 1209 2929 bellum
1266 2863 1519 2945 quidem
1571 2864 1658 2928 ita
1710 2871 1959 2948 gestum
2008 2883 2167 2944 esse,
2221 2869 2290 2926 ut
2341 2883 2423 2927 ne
2469 2862 2586 2927 for-

412 3056 455 3107 1.
482 3069 811 3121 quamquam
838 3055 953 3110 eod.
978 3072 1079 3110 ree.
1107 3056 1265 3122 (Lov.
1284 3057 1342 3120 2)
1367 3062 1415 3109 et
1439 3056 1519 3109 ed.
1545 3062 1670 3122 vet.,·
1705 3070 1870 3123 quam
1895 3057 1963 3109 al.
1992 3056 2109 3110 cod.
2132 3071 2252 3121 rec„
2276 3054 2553 3122 Siyouius.
2577 3051 2584 3121 Ι

199 3144 252 3195 4.
291 3140 325 3193 l.
352 3139 528 3194 furius
564 3141 634 3193 M.
668 3144 676 3207 Ι
711 3144 791 3197 15.
827 3157 929 3209 pro
973 3157 1033 3194 re
1078 3142 1302 3210 publica
1347 3144 1458 3197 cod.
1495 3160 1596 3197 rec.
1625 3144 1870 3210 plerique
1914 3142 2079 3208 (Lov.
2113 3143 2196 3208 2);
2239 3155 2337 3207 pro
2386 3138 2590 3207 populo

201 3226 453 3280 Romano
489 3228 554 3295 (P
573 3228 647 3295 R)
681 3231 752 3283 al.
780 3231 893 3284 eod.
919 3246 1021 3283 ree.
1047 3236 1096 3283 et
1120 3230 1200 3283 ed.
1226 3236 1323 3284 vet.
1357 3230 1365 3291 1
1396 3234 1571 3282 morte
1619 3230 1732 3284 eod.
1759 3246 1860 3284 ree.
1895 3229 2060 3294 (Lo-v.
2084 3229 2176 3295 2.),
2223 3230 2291 3295 ef.
2328 3228 2590 3281 Weissen-

204 3317 504 3370 born—H.
531 3318 578 3370 I.
607 3317 839 3370 Mueller
872 3317 950 3370 ad
986 3318 1035 3383 Ι,
1062 3320 1109 3384 7,
1137 3321 1197 3382 7,·
1231 3320 1460 3369 mortem
1497 3317 1577 3370 ed.
1608 3317 1835 3383 Tarmia,
1859 3317 2039 3370 Paria
2068 3319 2222 3369 1510.
2256 3316 2264 3379 Ι
2299 3317 2379 3369 17.
2405 3327 2590 3380 super-

203 3400 399 3455 iecisse
446 3403 560 3458 cod.
589 3405 833 3472 plerique
867 3404 1025 3469 (Lov.
1058 3408 1111 3471 2,
1152 3405 1354 3470 Voss.)‚·
1398 3401 1751 3470 superauisse
1786 3404 1960 3470 pauci
1996 3403 2110 3457 eod.
2137 3418 2237 3457 ree.
2263 3408 2312 3455 et
2348 3402 2428 3454 ed.
2453 3406 2548 3454 vet.
2579 3399 2586 3468 Ι

207 3492 287 3546 18.
335 3505 394 3543 se
439 3508 538 3545 om.
575 3492 709 3546 Lov.
741 3496 801 3557 2,
857 3492 1022 3545 Harl.
1056 3493 1064 3555 Ι
1104 3492 1187 3546 21.
1236 3490 1460 3543 ductum
1509 3491 1794 3558 temptavi,
1833 3491 1899 3556 cf.
1936 3492 2136 3558 ephem.
2187 3490 2375 3543 Austr.
2428 3492 2593 3550 1892,-

202 3576 385 3631 uisum
421 3578 536 3633 cod.
562 3584 612 3631 et
647 3578 726 3632 ecl.
752 3583 864 3642 vet„
890 3575 1143 3631 habitum
1168 3578 1340 3644 (etsie
1364 3577 1612 3646 Madvig),
1639 3577 1720 3630 M.
1743 3576 1999 3639 Mueller)
2024 3577 2104 3630 vel
2127 3574 2426 3628 iudicatum
2453 3576 2590 3630 coni.

213 3664 603 3719 Weissenborn.
645 3663 653 3731 Ι
694 3666 776 3717 27.
822 3662 968 3716 viam
1024 3666 1161 3719 coni.
1198 3664 1586 3718 Drakenborch
1645 3664 1707 3716 in
1761 3663 1887 3716 adu.
1931 3665 1940 3727 1
1979 3664 2062 3716 29.
2106 3661 2290 3729 regios
2338 3662 2453 3716 eod.
2491 3678 2590 3715 ree.

206 3748 455 3819 (Lov.‚2)‚
488 3751 569 3805 ecl.
594 3751 820 3805 Mediol.
846 3754 1000 3816 1505,
1039 3752 1221 3805 Paris.
1249 3755 1411 3817 1513,·
1444 3748 1670 3817 regulos
1706 3748 1779 3817 M,
1815 3747 2039 3802 rhodios
2075 3750 2189 3805 eod.
2228 3749 2393 3814 Voss„
2429 3761 2592 3815 reges

209 3833 289 3887 ed.
313 3838 615 3906 antiquiss„
654 3836 910 3905 egregios
946 3838 1180 3907 Madvig]
1208 3839 1329 3891 Em.
1356 3837 1427 3891 L.
1450 3854 1505 3905 p.
1529 3839 1646 3890 553.
1680 3835 1688 3901 Ι
