2925 4278
694 154 918 206 LIBER
954 152 1222 207 xxxw.
1262 153 1427 207 CAP.
1455 159 1503 210 9.
1536 160 1613 211 10.
1657 156 1724 223 [a.
1752 156 1819 209 U.
1846 171 1890 207 e.
1918 157 2056 223 563].
2488 139 2562 200 11

174 334 241 393 ut
284 329 352 392 in
401 348 597 394 causa
640 328 796 412 pari,
845 349 1007 410 quae
1047 350 1160 412 pro
1195 328 1721 395 Chalcidensibus
1765 330 1832 392 in
1881 329 2189 411 colloquio
2235 330 2316 393 ad
2350 331 2567 413 Euripi

173 415 403 479 fretum
451 414 619 479 dicta
666 422 865 495 erant,
930 415 1243 496 quaedam
1292 416 1485 491 etiam
1544 415 1815 481 ferocius
1878 416 2129 499 egisset,
2194 437 2308 481 rex
2371 414 2564 482 etiam

173 509 362 584 atque
410 502 602 566 etiam
649 502 1000 566 deliberare
1046 522 1154 567 eos
1197 502 1423 583 iussos,
1473 523 1553 567 ne
1597 502 1663 566 id
1710 502 1955 567 consilii
2002 510 2320 585 caperent,
2371 504 2566 584 cuius,

174 588 322 652 dum
369 589 436 652 in
483 588 759 652 futurum
820 588 1008 653 nimis
1055 589 1223 653 cauti
1270 596 1334 653 et
1378 588 1630 672 providi
1677 597 1908 669 essent,
1972 590 2292 672 extemplo
2354 590 2568 673 paeni-

113 694 141 737 .3
176 681 352 755 teret,
416 673 671 738 dimisit.
778 674 939 738 haec
1004 676 1367 739 renuntiata
1426 675 1667 740 Pheras
1725 676 1962 759 legatio
2023 696 2164 740 cum
2227 684 2412 756 esset,
2483 696 2565 740 ne

175 762 431 845 paulum
478 761 734 842 quidem
783 760 1169 842 dubitarunt,
1234 763 1388 843 quin
1450 783 1563 845 pro
1623 762 1749 827 fide
1798 783 1951 846 erga
1996 764 2332 842 RomanOS,
2396 761 2568 844 quid-

176 847 327 929 quid
388 846 520 911 fors
579 847 730 912 belli
792 848 1058 929 tulisset,
1120 856 1506 932 paterentur.
1611 849 1826 931 itaque
1887 856 1950 912 et
2010 848 2077 912 hi
2140 869 2384 913 summa
2445 869 2564 932 ope

174 933 489 1018 parabant
534 953 603 998 se
633 933 717 997 ad
748 934 969 999 urbem
1003 933 1495 1015 defendendam,
1545 942 1608 999 et
1652 956 1767 999 rex
1813 936 1895 998 ab
1937 936 2110 1001 omni
2157 943 2334 1019 parte
2382 935 2566 999 simul

174 1039 545 1104 oppugnare
590 1020 842 1085 moenia
887 1027 984 1086 est
1027 1042 1397 1105 aggressus3
1448 1030 1529 1101 et,
1576 1029 1646 1085 ut
1691 1023 1799 1103 qui
1842 1023 1999 1087 satis
2043 1022 2440 1105 intellegeret
2483 1059 2570 1068 —

84 1129 140 1174 10
174 1127 380 1188 neque
427 1107 597 1171 enim
642 1105 906 1172 dubium
954 1115 1088 1172 erat
1132 1146 1217 1154 —
1262 1109 1328 1171 in
1376 1115 1612 1173 eventu
1658 1109 1792 1172 eius
1848 1109 2022 1173 urbis
2082 1109 2358 1192 positum
2405 1128 2564 1186 esse,

175 1214 363 1275 quam
425 1193 694 1276 primam
755 1213 1097 1277 aggressus
1153 1202 1338 1274 esset,
1401 1201 1513 1258 aut
1574 1196 1786 1278 sperni
1833 1194 2067 1258 deinde
2129 1197 2210 1260 ab
2273 1196 2572 1259 universa

171 1288 363 1364 gente
408 1280 858 1344 Thessalorum
919 1288 1026 1345 aut
1073 1281 1278 1345 timeri
1327 1302 1413 1361 se,
1479 1301 1730 1345 omnem
1791 1280 2070 1363 undique
2121 1288 2419 1345 terrorem
2467 1281 2568 1345 ob-

173 1367 362 1432 sessis
421 1366 655 1430 iniecit.
750 1367 1023 1450 primum
1083 1368 1389 1450 impetum
1435 1367 1931 1450 oppugnationis
1992 1368 2146 1431 satis
2208 1372 2569 1431 constanter

174 1453 642 1535 sustinuerunt3
698 1452 847 1517 dein
896 1474 1038 1517 cum
1084 1454 1262 1517 multi
1318 1460 1797 1537 propugnantes
1845 1453 2146 1517 caderent
2198 1460 2309 1517 aut
2354 1454 2569 1518 vulne-

83 1559 138 1604 15
172 1546 481 1621 rarentur,
544 1541 761 1605 labare
821 1539 1018 1603 animi
1080 1547 1436 1623 coeperunt.
1530 1540 1807 1604 revocati
1863 1539 2096 1604 deinde
2151 1541 2568 1624 castigatione

172 1627 529 1710 principum
575 1624 657 1688 ad
716 1625 1255 1709 perseverandum
1301 1627 1367 1690 in
1428 1626 1772 1710 proposito,
1834 1627 2051 1691 relicto
2099 1628 2410 1693 exteriore
2458 1629 2569 1691 cir·

174 1714 310 1778 culo
356 1713 540 1794 muri,
602 1712 1045 1777 deficientibus
1104 1713 1231 1776 iam
1280 1713 1479 1796 copiis
1540 1714 1604 1777 in
1666 1713 2026 1777 interiorem
2087 1721 2332 1797 partem
2394 1714 2569 1779 urbis

174 1805 651 1879 concesserunt,
732 1798 831 1862 cui
902 1798 1154 1863 brevior
1221 1799 1389 1863 orbis
1467 1800 1835 1864 munitionis
1904 1800 2343 1864 circumiectus
2412 1807 2564 1864 erat.

174 1893 492 1969 postremo
538 1885 691 1950 victi
737 1885 921 1949 malis
966 1905 1110 1949 cum
1156 1886 1473 1965 timerent,
1522 1906 1603 1950 ne
1649 1887 1713 1949 vi
1758 1887 1962 1969 captis
2011 1886 2186 1950 nulla
2230 1885 2401 1969 apud
2447 1887 2570 1951 vic-

80 1992 139 2037 20
172 1980 371 2037 torem
434 1972 626 2036 venia
671 1979 858 2051 esset,
922 1970 1302 2036 dediderunt
1363 1992 1522 2036 sese.
1617 1973 1775 2035 nihil
1821 1971 2052 2036 deinde
2109 1981 2388 2038 moratus
2448 1994 2561 2038 rex

173 2065 471 2142 quattuor
530 2059 704 2122 milia
762 2065 1164 2138 armatorum,
1237 2058 1388 2122 dum
1447 2078 1671 2123 recens
1733 2067 1929 2123 terror
1990 2065 2176 2138 esset,
2239 2058 2569 2123 Scotusam

169 2147 359 2212 misit.
419 2166 539 2211 nec
583 2146 670 2210 ibi
717 2166 892 2211 mora
934 2145 1279 2211 deditionis
1325 2155 1423 2210 est
1469 2146 1657 2226 facta,
1708 2147 2110 2210 cernentibus
2143 2145 2568 2210 Pheraeorum

170 2253 394 2298 recens
441 2233 822 2316 exemplum,
872 2232 998 2314 qui,
1061 2232 1232 2313 quod
1278 2233 1687 2315 pertinaciter
1731 2233 1933 2316 primo
1978 2235 2354 2313 abnuerant,
2404 2233 2569 2298 malo

171 2320 392 2385 domiti
449 2318 709 2384 tandem
769 2320 1098 2402 fecissent,
1163 2339 1305 2383 cum
1368 2319 1509 2402 ipsa
1569 2320 1724 2383 urbe
1771 2319 2204 2402 Hippolochus
2250 2320 2569 2383 Larisaeo-

77 2425 136 2470 ·25
171 2426 440 2487 rumque
485 2404 770 2470 deditum
817 2413 914 2470 est
973 2405 1378 2488 praesidium.
1474 2405 1719 2470 dimissi
1777 2407 1859 2469 ab
1914 2426 2067 2488 rege
2116 2406 2401 2469 inviolati
2447 2427 2570 2470 om·

171 2512 306 2572 nes,
356 2490 525 2573 quod
574 2512 713 2555 eam
759 2511 892 2555 rem
940 2493 1155 2575 magni
1201 2494 1504 2556 momenti
1545 2491 1822 2555 futuram
1868 2512 1982 2555 rex
2025 2491 2106 2555 ad
2140 2490 2568 2555 conciliandos

170 2578 615 2643 Larisaeorum
661 2578 909 2643 animos
957 2578 1272 2643 credebat.

381 2665 462 2729 X.
525 2666 704 2728 Intra
764 2664 1077 2728 decimum
1139 2664 1326 2745 diem,
1391 2686 1581 2746 quam
1627 2664 1868 2729 Pheras
1928 2670 2209 2741 venerat,
2271 2663 2370 2728 his
2433 2683 2565 2747 per-

169 2751 359 2817 fectis
423 2752 825 2816 Crannonem
888 2770 1032 2814 cum
1100 2757 1230 2815 toto
1293 2752 1577 2815 exercitu
1639 2750 1958 2834 profectus
2027 2750 2226 2833 primo
2287 2749 2568 2814 adventu

381 2944 432 2996 4.
471 2940 783 3008 poeniteret
817 2940 878 2993 B.
913 2943 921 3004 1
955 2944 1001 2994 7.
1039 2939 1226 3008 itaque
1265 2957 1365 2995 om.
1397 2939 1457 2991 B.
1492 2941 1500 3007 Ι
1533 2942 1581 2995 8.
1621 2939 1692 2993 ab
1731 2940 1876 2992 omni
1912 2940 1983 3006 M,
2020 2942 2098 2994 ed.
2133 2947 2261 3008 post
2291 2941 2569 3008 Moyurim

169 3029 319 3082 omni
354 3030 448 3084 rel.
489 3030 602 3083 cod.
642 3028 730 3094 (B)
766 3034 815 3081 et
851 3028 930 3081 ed.
971 3029 1255 3096 antiquiss.
1292 3028 1300 3092 Ι
1333 3026 1515 3079 simul.
1553 3045 1655 3082 om.
1693 3027 1755 3079 B.
1789 3029 1797 3090 Ι
1834 3028 1913 3081 14.
1934 3025 2063 3079 dein
2089 3025 2205 3088 M?;
2244 3024 2442 3078 deinde
2467 3024 2568 3090 1322,

167 3118 248 3171 ed.
288 3117 580 3184 antiquiss.
615 3115 623 3181 1
656 3112 842 3166 multis
878 3113 943 3166 B.
976 3117 984 3178 1
1021 3117 1098 3168 15.
1130 3128 1360 3181 coepere
1398 3115 1511 3169 cod.
1541 3131 1640 3169 rec.
1669 3121 1717 3167 et
1753 3115 1831 3167 ed.
1858 3119 1955 3167 vet.
1999 3113 2006 3179 Ι
2048 3111 2416 3179 castigatione
2453 3113 2565 3165 cod.

166 3221 267 3259 rec.
293 3205 456 3269 (Lov.
481 3203 541 3268 2)
565 3207 615 3255 et
637 3202 718 3255 ed.
744 3207 870 3254 ante
893 3201 1127 3265 Aldum;
1163 3199 1561 3267 castigationes
1586 3199 1649 3266 B,
1686 3197 2151 3266 castigationibus
2176 3197 2248 3262 M,
2273 3199 2471 3262 Aldus,
2498 3201 2566 3264 cf.

167 3293 369 3359 epham.
391 3290 582 3343 Austr.
612 3291 764 3342 1892.
800 3287 808 3355 Ι
843 3290 924 3341 17.
951 3286 1008 3339 111
1035 3286 1351 3340 ulteriorem
1372 3287 1443 3353 M,
1479 3287 1857 3341 Weissenborn
1882 3287 1961 3339 ed.
1990 3286 2188 3339 Teubn.
2222 3285 2230 3351 Ι
2267 3288 2344 3340 18.
2370 3283 2569 3351 quibus

165 3375 395 3430 breuior
431 3376 495 3428 Β.
528 3379 536 3440 Ι
568 3378 651 3430 20.
690 3373 891 3428 deinde
915 3374 987 3442 M,
1024 3375 1102 3428 ed.
1130 3380 1255 3428 ante
1278 3375 1454 3428 Basil.
1484 3376 1622 3427 1535
1630 3392 1649 3439 ;
1682 3370 1811 3423 inde
1834 3370 1898 3423 B.
1933 3373 1939 3437 Ι
1972 3374 2055 3426 21.
2094 3389 2208 3421 .1111.
2236 3375 2569 3423 armatorum

165 3463 230 3530 B,
267 3462 423 3516 mille
460 3465 740 3514 trecentos
784 3465 1117 3513 armatorum
1153 3459 1225 3513 M.
1258 3463 1266 3524 Ι
1298 3462 1382 3514 22.
1429 3457 1695 3511 deditioni
1742 3459 1880 3513 corii.
1927 3459 2132 3511 Duker.
2184 3458 2192 3524 Ι
2243 3460 2324 3511 25.
2374 3460 2452 3512 vel
2497 3456 2568 3509 ab

166 3564 302 3617 rege
340 3551 423 3603 vel
457 3550 592 3616 infr.
632 3562 729 3599 rex
775 3549 894 3601 tolli
930 3549 1092 3601 iussit
1128 3548 1173 3600 I.
1203 3547 1271 3600 F.
1307 3546 1634 3601 GronoviuS.
1676 3544 1684 3610 Ι
1727 3543 1958 3597 uiolatio
2003 3558 2195 3597 omnes
2232 3544 2294 3596 B.
2328 3546 2335 3610 Ι
2368 3546 2451 3597 26.
2499 3542 2570 3595 ad

166 3634 440 3688 ciliandos
476 3634 538 3687 B.
574 3635 582 3698 Ι
614 3636 696 3688 28.
719 3632 864 3685 diem
899 3630 973 3700 qd
1010 3634 1070 3686 B.
1105 3636 1112 3698 ἰ
1145 3636 1227 3688 29.
1252 3630 1595 3685 Crannonem
1629 3630 1675 3682 B
1714 3633 1782 3697 cf.
1823 3632 2004 3685 Strab.
2032 3631 2142 3692 IX,
2182 3635 2231 3695 5,
2255 3635 2327 3684 20
2352 3649 2412 3699 p.
2441 3634 2571 3695 442;

168 3720 483 3774 Cranonem
519 3720 588 3771 M.
622 3722 631 3785 Ι
663 3734 786 3771 011111
823 3725 945 3773 toto
984 3719 1227 3773 exercitu
1266 3718 1548 3785 profectus
1583 3719 1798 3788 scripsi,
1834 3721 1902 3786 cf.
1943 3720 2139 3786 ephem.
2179 3719 2365 3772 Austr.
2405 3721 2572 3782 189&

168 3805 458 3873 profectus
506 3820 629 3857 cum
680 3809 801 3858 toto
847 3805 1092 3858 exercitu
1141 3806 1210 3865 M,
1257 3806 1529 3875 Moqimt„
1576 3821 1695 3857 011111
1740 3809 1861 3858 toto
1909 3803 2152 3857 exercitu
2199 3807 2291 3859 rel.
2331 3805 2445 3859 cod.
2483 3802 2571 3870 (B)

2612 1127 2676 1175 10

2609 1386 2671 1431 11

2611 1559 2675 1606 12

2607 1993 2670 2039 13

2614 2254 2678 2300 14

2612 2426 2676 2472 15
