2925 4278
414 127 496 190 32
907 144 1132 198 LIBER
1168 145 1438 199 XXXVI.
1478 146 1643 199 CAP.
1682 149 1764 200 27.
1791 148 1871 201 28.
1913 146 1987 213 [a.
2016 146 2078 200 U.
2106 162 2151 199 c.
2179 148 2317 214 5631.

345 339 373 386 7
412 318 628 401 populi
661 318 930 382 Romani
977 319 1314 383 clementia
1360 338 1539 402 spem
1571 319 1792 384 salutis
1836 320 2106 403 positam
2141 339 2308 403 esse3
2356 326 2419 384 et
2463 321 2822 404 se'suppli-

415 404 569 468 citer
627 405 967 488 agentibus
1030 406 1107 469 iis
1162 404 1528 469 adfuturum
1592 412 1655 469 et
1712 405 1886 488 apud
1948 406 2270 470 consulem
2332 412 2395 470 et
2439 407 2677 471 Romae
2741 408 2819 471 in

343 513 373 557 s
412 497 663 574 senatu;
727 511 802 556 eo
850 512 1098 573 quoque
1145 491 1314 555 enim
1374 491 1721 557 mittendos
1766 492 1900 557 fore
1962 493 2222 575 legatos
2316 491 2476 556 haec
2521 513 2650 557 una
2693 495 2821 558 via

410 577 704 642 omnibus
747 577 830 641 ad
878 579 1143 643 salutem
1189 578 1329 643 visa
1375 584 1490 658 est,
1538 584 1607 641 ut
1653 598 1721 642 se
1765 579 1831 642 in
1877 577 2069 642 fidem
2115 579 2553 663 permitterent
2583 580 2822 644 Roma-

411 684 662 747 norum;
725 664 815 728 ita
871 665 1039 728 enim
1088 671 1150 729 et
1208 664 1332 728 illis
1377 663 1658 729 violandi
1719 665 2039 749 supplices
2083 665 2534 730 verecundiam
2581 686 2651 730 se
2695 666 2820 730 im·
2887 691 2907 735 5

411 750 741 834 posituros,
816 757 878 814 et
937 752 1107 835 ipsos
1168 750 1365 814 nihilo
1426 752 1636 815 minus
1696 771 1846 815 suae
1917 752 2249 836 potestatis
2310 751 2465 831 fore,
2502 748 2592 816 'si
2652 753 2820 834 quid

410 836 634 901 melius
679 836 932 900 fortuna
977 836 1377 901 ostendisset.

345 948 368 993 1
618 923 922 987 XXVIII.
993 925 1337 1004 Postquam
1403 922 1489 987 ad
1559 924 1883 988 consulem
1951 932 2213 988 ventum
2283 932 2399 1005 est,
2469 924 2820 990 Phaeneas

410 1009 749 1091 legationis
807 1010 1103 1093 princeps
1165 1011 1421 1092 longam
1483 1011 1832 1075 orationem
1896 1017 1958 1074 et
2003 1011 2180 1074 varie
2240 1011 2325 1074 ad
2384 1011 2818 1093 mitigandam

410 1096 570 1158 iram
631 1096 886 1160 victoris
947 1097 1360 1180 compositam
1430 1096 1523 1160 ita
1581 1096 1663 1160 ad
1726 1103 2079 1161 extremum
2140 1097 2367 1177 finivit,
2438 1103 2507 1161 ut
2566 1096 2820 1163 diceret
2858 1122 2901 1168 10

342 1206 372 1253 2
410 1182 669 1247 Aetolos
730 1202 799 1247 se
859 1202 1099 1263 suaque
1161 1183 1374 1248 omnia
1432 1182 1585 1247 fidei
1653 1184 1868 1266 populi
1929 1184 2198 1249 Romani
2259 1184 2644 1268 permittere.
2747 1185 2818 1249 id

411 1269 630 1334 consul
694 1269 803 1333 ubi
849 1268 1114 1350 audivit,
1180 1270 1412 1354 „etiam
1458 1276 1650 1351 atque
1696 1270 1888 1334 etiam
1938 1269 2212 1350 videte,“
2277 1270 2485 1350 inquit
2535 1271 2814 1351 „Aetoli,

409 1361 479 1419 ut
522 1355 611 1419 ita
672 1355 1113 1439 permittatis“.
1208 1362 1341 1421 tum
1388 1355 1710 1420 decretum
1756 1355 2109 1436 PhaeneaS,
2173 1357 2237 1420 in
2284 1377 2409 1437 quo
2454 1355 2522 1419 id
2568 1355 2816 1422 diserte

340 1466 371 1511 3
411 1442 713 1524 scriptum
772 1449 925 1522 erat,
989 1441 1282 1507 ostendit.
1380 1441 1675 1526 „quando
1721 1442 1912 1524 ergo“
1976 1442 2179 1523 inquit
2245 1443 2372 1525 „ita
2416 1442 2813 1527 permittitiS,

408 1528 675 1610 postulo,
737 1534 807 1592 ut
852 1528 1005 1591 mihi
1052 1529 1516 1593 Dicaearchum
1564 1529 1768 1593 civem
1815 1535 2095 1593 vestrum
2154 1535 2218 1593 et
2261 1530 2613 1593 Menestam
2660 1530 2814 1614 Epi·
2853 1553 2898 1599 15

406 1612 647 1678 rotam“
684 1651 768 1660 —-
800 1615 1202 1698 Naupactum
1246 1615 1301 1679 is
1348 1635 1491 1679 cum
1536 1614 1853 1697 praesidio
1897 1616 2221 1699 ingressus
2265 1615 2349 1679 ad
2381 1615 2813 1681 defectionem

408 1701 798 1783 compulerat
842 1738 927 1746 —
977 1708 1081 1784 „et
1140 1701 1628 1784 Amynandrum
1690 1722 1832 1765 cum
1892 1702 2286 1786 principibus
2345 1701 2809 1783 Athamanum,

337 1811 369 1856 4
408 1806 673 1867 quorum
720 1787 979 1852 consilio
1024 1788 1107 1852 ab
1153 1788 1337 1853 nobis
1383 1786 1726 1867 defecistiS,
1784 1788 1922 1852 sine
1976 1809 2153 1853 mora
2199 1787 2509 1852 dedatis.“
2603 1810 2811 1874 prope

407 1872 725 1937 dicentem
756 1873 1092 1939 Phaeneas
1135 1873 1475 1939 interfatus
1521 1876 1877 1937 Romanum
1927 1896 2095 1958 „non
2141 1876 2206 1938 in
2255 1874 2664 1940 servitutem“
2717 1876 2810 1939 in-

407 1960 544 2040 quit
607 1959 760 2044 „sed
821 1961 889 2023 in
942 1959 1134 2024 fidem
1180 1967 1355 2025 tuam
1416 1980 1533 2025 nos
1593 1959 1997 2045 tradidimus3
2061 1967 2124 2025 et
2186 1969 2421 2025 certum
2483 1960 2694 2027 habeo
2746 1968 2809 2025 te
2844 1986 2893 2030 20

406 2045 817 2131 inprudentia
861 2046 1009 2127 labi,
1074 2048 1181 2129 qui
1227 2047 1411 2112 nobis
1455 2047 1751 2130 imperes,
1800 2067 1962 2129 quae
2008 2048 2198 2112 moris
2245 2049 2627 2113 Graecorum
2674 2069 2810 2113 non

340 2160 370 2204 5
410 2132 595 2198 sint.“
659 2132 743 2198 ad
790 2155 868 2199 ea
901 2135 1118 2199 consul
1168 2154 1327 2218 „nec
1372 2133 1665 2198 hercule“
1717 2133 1925 2215 inquit
1975 2155 2398 2219 „magnopere
2428 2154 2600 2199 nunc
2632 2156 2808 2215 cur0,

413 2219 565 2300 quid
610 2221 822 2285 Aetoli
867 2222 1022 2286 satis
1067 2242 1149 2286 ex
1195 2241 1368 2286 more
1400 2221 1785 2286 Graecorum
1830 2220 2069 2285 factum
2103 2242 2244 2286 esse
2278 2228 2600 2304 censeant,
2651 2222 2806 2286 dum

619 2413 663 2464 1.
703 2407 996 2463 clementia
1031 2410 1092 2478 B,
1129 2428 1229 2465 ree.
1260 2412 1509 2479 plerique
1545 2417 1593 2464 et
1630 2411 1708 2463 ecl.
1748 2412 2033 2477 antiquiss,
2068 2412 2075 2475 Ι
2107 2425 2166 2462 se
2208 2412 2478 2478 Gelenius,
2515 2411 2595 2465 ed.
2622 2413 2805 2466 Basil.

407 2501 544 2551 1535
554 2517 572 2564 ;
608 2515 709 2552 om.
750 2499 844 2551 rel.
870 2498 985 2552 eod.
1024 2495 1151 2562 (B‘?)
1190 2503 1238 2550 et
1274 2498 1354 2550 ed.
1393 2498 1678 2564 antiquiss.
1713 2498 1720 2561 Ι
1753 2498 1800 2549 2.
1840 2494 2160 2548 adfuturum
2184 2496 2237 2549 M
2249 2496 2291 2564 ‘?,
2328 2497 2408 2551 ed.
2434 2498 2612 2551 Basil.
2641 2503 2810 2563 1535;

404 2582 757 2651 profuturum
802 2586 895 2638 rel.
934 2583 1048 2639 eod.
1088 2583 1179 2650 (B)
1215 2589 1263 2637 et
1300 2583 1379 2637 ed.
1410 2585 1587 2651 prior.
1640 2587 1648 2648 Ι
1698 2585 1744 2636 3.
1786 2581 2056 2636 mittendo
2100 2581 2246 2636 foret
2283 2582 2345 2637 B.
2395 2585 2403 2649 1
2451 2586 2501 2637 4.
2537 2589 2604 2636 ut
2652 2600 2717 2638 se
2752 2583 2806 2635 in

407 2670 574 2722 fidem
610 2670 673 2737 B,
712 2671 827 2725 eod.
864 2687 965 2729 ree.
1004 2677 1053 2724 et
1089 2670 1168 2723 ed.
1207 2672 1495 2739 antiquiss.
1507 2690 1524 2736 ;
1566 2674 1631 2721 ut
1675 2669 1731 2721 in
1768 2668 1932 2721 fidem
1977 2684 2038 2721 se
2076 2669 2146 2736 M,
2185 2670 2381 2724 Aldus.
2433 2672 2440 2736 1
2490 2673 2538 2723 5.
2574 2669 2689 2724 illis
2726 2671 2805 2725 ed.

407 2758 632 2811 Mediol.
671 2760 825 2822 1505,
872 2757 1006 2810 Par.
1035 2760 1173 2809 1513
1207 2763 1257 2810 et
1292 2774 1394 2825 seq.
1404 2777 1423 2823 ;
1470 2755 1549 2808 illi
1597 2756 1710 2811 eod.
1741 2757 1988 2824 plerique
2022 2755 2110 2822 (B)
2145 2763 2195 2810 et
2230 2758 2310 2810 ed.
2348 2758 2654 2824 antiquiss„
2692 2756 2807 2809 illic

404 2845 661 2898 nonnulli
698 2845 813 2899 eod.
851 2860 952 2898 ree.
1002 2846 1012 2909 Ι
1060 2847 1108 2899 8.
1146 2841 1391 2911 pheneas
1426 2843 1474 2895 B
1512 2850 1560 2897 et
1595 2845 1674 2898 sie
1708 2860 1913 2911 semper
1948 2845 2074 2910 fere.
2127 2845 2135 2909 Ι
2179 2846 2259 2897 10.
2299 2843 2664 2911 compositam
2702 2862 2803 2900 om.

404 2931 467 2984 B.
502 2932 509 2996 1
544 2934 624 2985 13.
661 2930 719 2982 in
755 2945 866 2998 quo
903 2929 959 2982 id
1001 2931 1271 2996 Gelenius,
1308 2932 1387 2984 ed.
1415 2931 1595 2984 Basil.
1621 2933 1758 2983 1535
1767 2949 1786 2995 ;
1820 2928 1875 2980 in
1912 2928 1969 2981 id
2007 2926 2082 2996 qd
2118 2929 2164 2980 B
2200 2936 2248 2983 et
2283 2931 2363 2983 ed.
2401 2932 2713 2997 antiquiss„
2750 2930 2803 2982 in

405 3017 463 3070 id
498 3032 609 3084 quo
647 3018 761 3073 eod.
809 3034 910 3071 rec.
949 3019 1106 3083 (Lov.
1139 3019 1212 3083 2).
1263 3019 1273 3082 Ι
1325 3020 1404 3072 15.
1442 3016 1662 3083 postulo
1706 3021 1769 3067 ut
1813 3015 1945 3067 mihi
1989 3016 2040 3067 M
2053 3016 2095 3081 ‘?,
2143 3018 2418 3086 Moqunt.3
2467 3018 2697 3083 postulo
2748 3015 2801 3069 id

406 3102 539 3157 mihi
584 3104 647 3172 B,
694 3105 809 3160 cod.
856 3121 957 3158 ree.
1006 3105 1162 3169 (Lov.
1196 3107 1255 3161 2)
1302 3110 1352 3156 et
1395 3104 1475 3156 ed.
1523 3104 1810 3170 antiquiss,
1872 3104 1879 3168 Ι
1938 3107 2254 3156 monoetam
2299 3102 2638 3169 epirotarum
2687 3105 2749 3157 B.
2791 3103 2796 3168 l

409 3195 488 3246 19.
535 3189 824 3244 Phaeneas
877 3188 1173 3242 interfatus
1227 3189 1539 3242 Romanum
1592 3191 1805 3257 scripsi,
1853 3191 1921 3256 cf.
1966 3189 2238 3253 XXXII,
2294 3194 2380 3257 34,
2423 3194 2462 3244 2
2503 3197 2552 3244 et
2598 3195 2797 3259 ephem.

406 3279 595 3333 Austr.
642 3282 809 3344 18923
861 3275 1154 3330 interfatus
1208 3275 1453 3343 phaneas
1509 3292 1854 3329 romanorum
1909 3278 2020 3331 eod.
2073 3279 2241 3345 Voss„
2299 3276 2596 3330 interfatus
2652 3278 2800 3345 lega-

407 3368 498 3415 tus
552 3379 900 3417 romanorum
954 3365 1089 3419 Lov.
1137 3368 1189 3431 2,
1242 3362 1537 3415 interfatus
1591 3361 1901 3416 Romanum
1955 3362 2243 3416 Phaeneas
2302 3366 2583 3433 Siqonius,
2635 3365 2799 3418 inter-

407 3449 556 3503 fatus
591 3450 881 3503 Phaeneas
925 3450 1235 3502 Romanum
1282 3451 1668 3504 Drakenborch
1715 3451 1777 3501 in
1822 3450 1968 3512 adu„
2014 3447 2306 3502 interfatus
2349 3465 2633 3503 romanum
2669 3450 2719 3503 B
2753 3454 2799 3502 et

406 3537 487 3590 ed.
512 3544 626 3604 vet„
662 3536 959 3590 interfatus
984 3551 1334 3589 romanorum
1359 3538 1474 3592 eod.
1500 3554 1600 3591 ree.
1635 3538 1642 3601 Ι
1675 3538 1758 3590 20.
1786 3534 2113 3588 tradidimus
2137 3536 2207 3602 M,
2242 3541 2280 3590 2
2304 3537 2418 3591 cod.
2442 3554 2544 3591 ree.
2566 3538 2799 3604 (Vos-ak

406 3621 676 3676 tradimus
711 3625 804 3677 rel.
842 3623 957 3678 eod.
996 3629 1046 3676 et
1080 3623 1159 3676 ecl.
1197 3629 1292 3677 vet.
1329 3639 1498 3690 usque
1533 3623 1608 3675 ad
1649 3621 1881 3675 Gronov.
1909 3626 2060 3675 1665.
2095 3624 2102 3687 Ι
2135 3620 2316 3675 habeo
2354 3627 2410 3675 te
2444 3621 2796 3690 inprudentia

406 3707 521 3762 labi
557 3711 637 3764 ed.
663 3711 841 3765 Basil.
869 3712 1006 3762 1535
1016 3729 1034 3775 ;
1068 3713 1124 3761 te
1161 3707 1343 3761 habeo
1379 3706 1751 3775 imprudentia
1787 3706 1899 3761 labi
1937 3709 2015 3762 ed.
2054 3711 2358 3778 antiquiss,
2396 3707 2579 3763 habeo
2617 3710 2793 3777 inpru-

408 3794 597 3849 dentia
634 3796 746 3850 labi
782 3795 828 3848 B
866 3803 916 3849 et
952 3796 1065 3851 eod.
1103 3813 1203 3850 ree.
1241 3796 1420 3862 (Voss.
1448 3796 1584 3850 Lov.
1608 3797 1681 3861 2).
1717 3800 1723 3859 Ι
