2925 4278
372 81 454 145 58
882 96 1109 150 LIBER
1148 96 1444 151 xxxvn.
1486 96 1653 150 CAP.
1681 101 1727 152 7.
1755 101 1805 153 s.
1845 98 1913 165 [a.
1941 97 2005 152 U.
2033 114 2079 151 c.
2106 99 2247 166 564]-

271 284 330 330 11
373 273 427 337 si
471 272 628 335 nihil
675 292 757 336 ex
802 278 1179 355 praeparato
1210 277 1510 354 agentem
1542 271 1855 354 opprimet
1887 271 1995 352 qui
2025 271 2367 335 mittetur.“
2457 271 2555 335 Ti.
2592 272 2752 337 Sem-

370 359 632 442 pronius
679 358 1020 438 Gracchus,
1069 358 1257 440 longe
1303 364 1434 421 tum
1482 357 1827 422 acerrimus
1873 357 2193 437 iuvenum,
2241 357 2324 421 ad
2369 358 2434 421 id
2480 357 2753 422 delectus

372 465 488 529 per
532 444 873 528 dispositos
920 464 1114 525 equos
1162 463 1359 526 prope
1406 443 1760 507 incredibili
1808 444 2127 507 celeritate
2172 445 2254 507 ab
2303 444 2646 528 Amphissa
2674 481 2748 489 —

274 544 336 588 12
375 531 524 595 inde
570 531 738 595 enim
787 538 882 594 est
927 530 1223 594 dimissus
1279 568 1364 575 —-
1410 529 1514 593 die
1560 529 1745 593 tertio
1790 531 2031 592 Pellam
2094 531 2401 611 pervenit.
2494 531 2561 593 in
2624 550 2753 593 con-

372 618 543 681 vivio
589 638 703 682 rex
754 624 887 681 erat
933 624 995 680 et
1040 617 1107 680 in
1154 616 1418 679 multum
1465 617 1595 680 vini
1654 623 2081 699 processerat;
2145 635 2222 679 ea
2284 616 2427 698 ipsa
2479 616 2753 680 remissio
2808 630 2830 675 5

273 715 334 761 13
373 704 568 767 animi
615 703 1036 786 suspicionem
1085 701 1359 785 dempsit
1404 723 1641 767 novare
1689 722 1832 765 eum
1879 703 2216 784 quicquam
2248 702 2431 766 velle.
2524 709 2588 766 et
2632 708 2752 764 tum

374 790 630 872 quidem
678 789 938 852 comiter
982 794 1284 871 acceptus
1330 789 1583 871 hospes,
1631 796 1882 872 postero
1929 788 2032 852 die
2079 793 2468 853 commeatus
2531 787 2756 852 exerci-

373 876 464 939 tui
510 880 765 958 paratos
811 875 1107 957 benigne,
1156 880 1379 957 pontes
1422 875 1490 937 in
1537 875 1903 939 fluminibus
1949 874 2171 954 factOS,
2216 875 2372 953 vias,
2414 874 2523 937 ubi
2571 882 2755 938 trans-

274 973 335 1018 14
373 962 498 1025 itus
553 960 844 1025 difficiles
902 968 1108 1040 erant,
1159 961 1432 1025 munitas
1489 960 1663 1024 vidit.
1757 961 1918 1025 haec
1979 960 2261 1025 referens
2324 960 2578 1039 eadem,
2641 979 2756 1042 qua
2859 1042 2860 1045 Ἴ

372 1049 560 1127 ierat,
625 1047 944 1111 celeritate
1011 1047 1391 1111 Thaumacis
1459 1048 1729 1111 occurrit
1797 1048 2057 1112 consuli.
2150 1046 2300 1110 inde
2370 1047 2637 1111 certiore
2700 1050 2756 1109 et
2789 1058 2860 1105 101

372 1135 607 1198 maiore
654 1153 767 1215 spe
812 1134 1014 1197 laetus
1062 1133 1376 1197 exercitus
1419 1132 1506 1195 ad
1551 1141 1929 1218 praeparata
1974 1134 2185 1197 omnia
2231 1133 2297 1196 in
2329 1133 2756 1197 Macedoniam

272 1230 335 1276 15
372 1220 682 1304 pervenit.
777 1221 1109 1284 venientes
1155 1220 1329 1302 regio
1375 1227 1686 1303 apparatu
1734 1227 1797 1284 et
1841 1220 2088 1303 accepit
2136 1226 2198 1283 et
2241 1227 2615 1302 prosecutus
2672 1224 2759 1282 est

372 1327 504 1371 rex.
596 1306 795 1370 multa
839 1307 906 1369 in
953 1326 1027 1370 eo
1088 1313 1150 1369 et
1198 1305 1548 1370 dexteritas
1611 1313 1674 1370 et
1734 1306 2097 1370 humanitas
2158 1307 2319 1386 visa,
2384 1326 2549 1387 quae
2612 1325 2760 1369 com-

373 1391 760 1456 mendabilia
804 1392 977 1476 apud
1021 1391 1392 1456 Africanum
1442 1400 1643 1473 erant,
1707 1393 1912 1456 virum
1972 1392 2133 1457 sicut
2192 1391 2277 1455 ad
2339 1398 2552 1456 cetera
2599 1410 2758 1473 egre-

371 1478 568 1561 gium,
631 1479 722 1542 ita
781 1499 822 1541 a
884 1479 1198 1557 comitate,
1261 1498 1425 1559 quae
1487 1479 1624 1542 sine
1686 1479 1938 1542 luxuria
1999 1485 2185 1559 esset,
2256 1498 2383 1541 non
2450 1497 2754 1542 aversum.
2791 1480 2860 1543 151

272 1575 334 1621 16
373 1565 522 1628 inde
554 1584 680 1628 non
711 1584 825 1647 per
854 1563 1294 1629 Macedoniam
1340 1564 1526 1628 modo
1573 1564 1688 1629 sed
1720 1565 1910 1628 etiam
1941 1565 2318 1629 Thraeciam
2347 1569 2758 1647 prosequente

374 1656 436 1714 et
481 1658 900 1733 praeparante
946 1650 1161 1714 omnia
1205 1650 1501 1733 Philippo
1563 1650 1648 1713 ad
1694 1652 2173 1734 Hellespontum
2219 1657 2598 1734 perventum
2653 1654 2756 1714 est.

308 1748 327 1792 1
582 1737 755 1800 VIII.
804 1736 1159 1801 Antiochus
1214 1743 1357 1819 post
1419 1737 1716 1801 navalem
1775 1736 1858 1799 ad
1905 1738 2219 1821 Corycum
2281 1757 2566 1819 pugnam
2629 1755 2757 1800 cum

372 1827 568 1886 totam
616 1823 892 1887 hiemem
937 1823 1202 1886 liberam
1249 1823 1314 1884 in
1361 1829 1711 1906 apparatus
1757 1830 2083 1888 terrestres
2130 1823 2609 1904 maritimosque
2666 1821 2759 1884 ha-

373 1909 632 1989 buisset,
683 1910 867 1973 classi
913 1909 1196 1972 maxime
1258 1908 1686 1992 reparandae,
1766 1928 1846 1972 ne
1922 1916 2056 1973 tota
2113 1910 2305 1973 maris
2365 1909 2757 1992 possessione
2788 1912 2860 1967 20<

304 2006 334 2050 2
374 1994 727 2077 pelleretur,
775 1996 1056 2059 intentus
1102 1995 1324 2058 fuerat.
1405 1995 1810 2059 succurrebat
1842 2001 2206 2078 superatum
2253 2016 2340 2075 se,
2376 2016 2517 2059 cum
2555 1993 2760 2059 classis

373 2079 640 2146 afuisset
684 2080 1106 2162 Rhodiorum3
1157 2081 1378 2163 quodsi
1427 2101 1504 2145 ea
1550 2100 1797 2163 quoque
1843 2120 1926 2128 —
1973 2101 2093 2146 nec
2126 2082 2571 2148 commissuros
2615 2080 2762 2145 Rho-

374 2166 531 2247 dios,
593 2174 663 2231 ut
722 2168 948 2231 iterum
1012 2175 1406 2232 morarentur
1466 2207 1552 2214 ·—
1615 2169 1943 2232 certamini
2002 2168 2275 2248 adesset,
2342 2189 2579 2250 magno
2651 2165 2761 2232 sibi

373 2254 632 2318 navium
694 2275 954 2318 numero
1019 2274 1179 2337 opus
1239 2254 1394 2334 fore,
1456 2261 1527 2318 ut
1587 2255 1830 2319 viribus
1892 2261 1956 2319 et
2015 2254 2452 2338 magnitudine
2502 2256 2760 2319 classem

305 2352 335 2397 3
372 2340 646 2404 hostium
691 2348 1011 2422 aequaret.
1104 2341 1321 2421 itaque
1369 2347 1431 2404 et
1477 2342 1905 2404 Hannibalem
1950 2342 2018 2403 in
2065 2341 2318 2423 Syriam
2363 2340 2627 2404 miserat
2683 2336 2758 2402 ad
2792 2349 2860 2395 25¹

372 2426 764 2490 Phoenicum
810 2426 1234 2491 accersendas
1279 2447 1500 2507 naves,
1550 2434 1613 2491 et
1660 2427 2145 2509 Polyxenidam,
2195 2446 2318 2508 quo
2383 2426 2595 2491 minus
2638 2444 2763 2508 pro-

374 2532 558 2595 spere
603 2533 706 2577 res
751 2521 934 2597 gesta
981 2520 1136 2592 erat,
1185 2533 1260 2577 eo
1323 2513 1574 2577 enixius
1631 2521 1692 2577 et
1739 2533 1866 2593 eas,
1915 2533 2078 2594 quae
2140 2518 2338 2592 erant,
2387 2512 2649 2577 reficere
2708 2517 2766 2574 et

304 2611 336 2656 4
375 2599 532 2663 alias
578 2620 802 2682 parare
850 2620 1046 2664 naves
1092 2600 1291 2663 iussit.
1384 2599 1524 2682 ipse
1586 2600 1653 2663 in
1698 2599 1983 2682 Phrygia
2043 2599 2422 2678 hibernavit,
2485 2598 2764 2678 undique

371 2685 615 2748 auxilia
659 2705 1010 2749 accersens.
1106 2685 1296 2749 etiam
1344 2685 1411 2747 in
1456 2686 1963 2768 Gallograeciam
2009 2686 2296 2767 miserat3
2344 2684 2765 2749 bellicosiores

586 2860 630 2911 1.
668 2856 982 2909 mitteretur
1017 2856 1088 2922 M,
1127 2857 1260 2910 Lov.
1288 2861 1337 2908 3.
1371 2857 1378 2920 Ι
1412 2858 1461 2908 6.
1500 2871 1647 2908 noua
1683 2871 1742 2908 re
1782 2858 1850 2909 eii
1887 2856 1948 2909 B.
1983 2857 1990 2923 Ι
2022 2856 2314 2924 quicquam
2350 2856 2495 2910 velle
2534 2875 2639 2912 om.
2667 2855 2724 2907 B.
2755 2851 2761 2919 Ι

374 2945 422 2997 8.
459 2941 558 2995 ubi
595 2961 697 2997 om.
724 2943 785 2995 B.
820 2946 826 3009 Ι
859 2947 906 2997 9.
944 2957 1054 3009 qua
1102 2946 1334 2994 uenerat
1369 2943 1485 2997 cod.
1521 2944 1684 2997 Harl.
1720 2946 1727 3009 Ι
1762 2947 1842 2997 12.
1889 2942 2161 2996 uenientis
2196 2944 2257 2996 B.
2292 2945 2299 3008 Ι
2333 2946 2389 2995 et
2432 2944 2651 3011 accepit
2692 2939 2766 3003 M?

374 3029 586 3096 accepit
610 3032 702 3084 rel.
731 3031 844 3084 cod.
874 3029 959 3096 (B)
985 3036 1033 3083 et
1058 3030 1136 3082 ed.
1162 3035 1258 3083 vet.
1294 3029 1302 3095 Ι
1337 3032 1392 3081 et
1416 3032 1743 3095 prosecutus
1768 3034 1856 3082 est
1879 3029 1951 3097 M,
1978 3031 2091 3085 cod.
2119 3048 2217 3084 rec.
2235 3031 2483 3098 plerique
2490 3049 2510 3096 ;
2548 3031 2596 3081 ἃ
2621 3029 2766 3095 ipsos

374 3120 599 3169 secutus
646 3120 731 3169 est
763 3115 826 3182 B,
862 3120 918 3168 et
966 3115 1084 3182 ipse
1132 3118 1456 3182 prosecutus
1508 3121 1594 3168 est
1627 3118 1764 3170 coni.
1805 3118 2182 3171 Weissenborn
2235 3117 2314 3170 ed.
2354 3118 2554 3170 Tenbn.
2592 3113 2761 3184 praef.

365 3220 426 3271 p.
448 3203 620 3257 XIX.
655 3203 663 3268 Ι
698 3203 778 3257 14.
806 3201 1091 3270 egregium
1116 3201 1178 3269 B,
1199 3199 1275 3254 S?
1311 3202 1552 3267 („vetust.
1582 3202 1771 3256 codd.“
1803 3204 2025 3270 Gelen.),
2064 3203 2174 3256 cod.
2203 3219 2301 3257 rec.
2330 3210 2379 3256 et
2411 3205 2663 3258 nommll.
2689 3199 2761 3253 ed.

373 3295 467 3342 vet.
487 3296 616 3357 post
638 3291 761 3342 Ven.
787 3293 953 3355 1498;
987 3288 1203 3355 regium
1230 3289 1339 3356 MP,
1376 3290 1456 3343 ed.
1487 3291 1791 3357 antiquiss„
1819 3291 1950 3343 Par.
1979 3294 2131 3357 1510,
2169 3291 2418 3357 Moyunt.
2454 3291 2461 3356 Ι
2499 3295 2578 3346 18.
2601 3289 2765 3354 Cory-

375 3389 498 3426 cum
535 3376 852 3440 SabellicuS,
886 3376 964 3429 ed.
993 3377 1125 3429 Par.
1153 3377 1320 3440 1510;
1364 3376 1565 3442 coryc‘e
1595 3374 1659 3442 B,
1694 3375 1928 3427 coricem
1963 3377 2075 3431 cod.
2096 3393 2195 3430 rec.
2211 3378 2468 3444 plerique.
2506 3380 2513 3442 Ι
2549 3380 2628 3431 19.
2665 3379 2764 3427 ter·

373 3460 562 3513 restris
595 3460 656 3513 B.
691 3462 698 3528 Ι
731 3464 814 3515 20.
856 3460 1022 3514 classi
1066 3475 1322 3513 maxume
1370 3459 1650 3527 parandae
1686 3462 1757 3513 M.
1791 3462 1798 3528 Ι
1832 3464 1914 3515 22.
1951 3461 2203 3514 affuisset
2245 3461 2305 3515 B.
2341 3463 2348 3529 Ι
2380 3465 2463 3516 24.
2498 3462 2618 3516 fore
2652 3457 2759 3515 cod.

373 3564 472 3601 rec.
510 3553 559 3600 et
604 3548 679 3601 ed.
716 3554 842 3610 vet.‚·
889 3562 1012 3600 esse
1060 3549 1182 3614 (ηοω
1227 3546 1449 3599 adesset
1494 3566 1547 3600 n.
1583 3550 1623 3614 f.
1662 3547 1871 3601 ortum“
1919 3549 2109 3613 Hertz)
2145 3547 2207 3599 B.
2243 3551 2249 3614 Ι
2283 3553 2341 3599 et
2385 3546 2762 3616 magnitudine

373 3634 629 3687 nonnulli
667 3636 779 3689 cod.
807 3652 905 3688 rec.
946 3641 994 3688 et
1019 3635 1096 3688 ed.
1123 3640 1217 3687 vet.
1247 3652 1381 3701 quas
1417 3636 1534 3687 vidi
1572 3652 1754 3689 omnes
1763 3654 1782 3700 ;
1820 3639 1884 3686 ut
1919 3634 2299 3702 magnitudine
2325 3636 2372 3688 B
2397 3643 2446 3689 et
2480 3654 2577 3690 rec.
2599 3632 2760 3703 pleri-

375 3737 473 3786 que
517 3720 674 3784 (Lov.
711 3725 765 3788 2,
805 3721 995 3785 Voss).
1037 3723 1044 3784 Ι
1086 3722 1168 3773 25.
1216 3719 1288 3771 ad
1331 3718 1662 3786 phaenicum
1708 3720 2071 3773 aecci-sandas
2115 3720 2177 3772 B.
2219 3723 2228 3786 Ι
2268 3725 2351 3776 28.
2399 3720 2618 3788 phrigia
2661 3715 2757 3784 Β.Ι
