2925 4278
41 1134 101 1178 10

35 1566 97 1611 15

20 1997 103 2044 120

38 2429 103 2476 25

628 122 864 214 'LIBER
902 161 1169 215 xxxvl.
1209 161 1375 215 CAP.
1418 165 1606 217 1415.
1648 163 1716 230 [a.
1747 163 1808 217 U.
1837 178 1882 214 α.
1911 163 2047 231 5631.
2455 148 2531 211 17

137 336 278 401 ioco
326 335 690 418 appellavit.
783 334 1094 400 deductus
1138 335 1288 400 inde
1334 335 1418 399 ad
1466 337 1787 400 consulem
1834 335 2132 401 custodiri
2192 339 2400 404 iussus
2447 350 2536 401 est

140 429 202 486 et
249 420 423 485 haud
469 422 559 485 ita
598 422 795 487 multo
841 428 984 504 post
1029 422 1094 485 in
1139 423 1411 487 vinculis
1450 424 1717 486 Romam
1764 423 2011 489 missus.
2083 432 2293 489 cetera
2338 426 2537 490 multi-

138 507 293 573 tudo
340 507 774 572 Athamanum
820 515 929 572 aut
973 508 1244 572 militum
1288 509 1588 573 Antiochi
1632 509 1821 592 regis,
1879 529 2043 590 quae
2088 510 2154 574 in
2201 512 2535 594 praesidiis

138 594 500 659 deditorum
558 614 673 677 per
733 614 841 659 eos
902 594 1040 659 dies
1086 594 1455 678 oppidorum
1502 595 1727 675 fuerat,
1785 595 2077 679 Philippo
2124 597 2356 661 tradita
2400 600 2536 682 regi

140 687 265 764 est;
313 681 492 745 fuere
538 687 752 744 autem
791 680 874 744 ad
907 687 1199 763 quattuor
1239 682 1414 744 milia
1453 682 1794 745 hominum.
1854 684 2072 747 consul
2111 683 2397 747 Larisam
2440 693 2535 749 est

140 767 481 851 profectus,
529 767 617 830 ibi
665 766 747 831 de
794 787 1038 831 summa
1083 768 1231 832 belli
1279 768 1761 832 consultaturus.
1831 768 1899 832 in
1945 769 2170 834 itinere
2213 771 2295 834 ab
2330 771 2535 836 Cierio

141 861 204 918 et
249 852 582 936 Metropoli
630 854 824 935 legati
872 853 1196 917 tradentes
1253 854 1438 918 urbes
1495 874 1641 918 suas
1687 862 2108 919 occurrerunt.
2201 857 2532 940 Philippus

139 940 575 1004 Athamanum
634 940 977 1023 praecipue
1038 940 1310 1024 captivis
1368 940 1776 1022 indulgenter
1820 940 2076 1022 habitis,
2138 950 2208 1006 ut
2269 964 2382 1027 per
2429 964 2535 1008 eos

140 1026 508 1091 conciliaret
576 1032 854 1109 gentem,
925 1033 1151 1091 nactus
1220 1046 1397 1110 spem
1458 1027 1883 1092 Athamaniae
1951 1029 2292 1111 potiendae
2363 1050 2535 1095 exer·
2645 1038 2657 1049 ⁰

141 1114 340 1178 citum
388 1132 462 1177 eo
508 1112 711 1193 duxit,
758 1113 1124 1197 praemissis
1183 1113 1250 1176 in
1299 1113 1589 1178 civitates
1635 1114 1921 1198 captivis.
1994 1121 2058 1178 et
2101 1116 2190 1179 illi
2237 1137 2537 1200 magnam

137 1198 583 1263 auctoritatem
614 1199 787 1282 apud
817 1200 1154 1282 populares
1184 1199 1563 1280 habuerunt,
1607 1200 2009 1264 clementiam
2056 1221 2208 1285 erga
2254 1223 2321 1266 se
2367 1203 2536 1285 regis

138 1286 770 1366 munificentiamque
831 1293 1425 1369 commemorantes3
1496 1293 1558 1351 et
1618 1286 2053 1369 Amynander,
2125 1289 2302 1352 cuius
2361 1309 2536 1372 prae-

138 1372 344 1437 sentis
390 1371 692 1437 maiestas
737 1372 980 1453 aliquos
1024 1372 1090 1435 in
1122 1371 1249 1436 fide
1282 1372 1716 1453 continuisset,
1763 1373 2022 1454 veritUS,
2069 1394 2152 1438 ne
2183 1373 2537 1439 traderetur

138 1458 439 1542 Philippo
494 1458 624 1521 iam
678 1458 924 1542 pridem
982 1458 1148 1523 hosti
1195 1465 1257 1522 et
1300 1459 1605 1523 Romanis
1661 1458 1882 1524 merito
1928 1466 2078 1524 tunc
2133 1467 2390 1544 propter
2433 1461 2537 1526 de·

139 1545 486 1610 sectionem
546 1544 833 1625 infensiS,
897 1565 1038 1609 cum
1101 1545 1371 1629 coniuge
1415 1565 1493 1609 ac
1554 1545 1768 1610 liberis
1826 1566 2025 1629 regno
2073 1548 2348 1612 excessit
2393 1549 2537 1611 Am-

138 1631 554 1713 braciamque
598 1651 670 1696 se
717 1631 995 1695 contulit.
1064 1632 1155 1695 ita
1186 1632 1573 1696 Athamania
1604 1633 1810 1697 omnis
1854 1633 1920 1697 in
1966 1633 2065 1697 ius
2097 1632 2536 1716 dicionemque

141 1718 421 1801 Philippi
467 1718 794 1782 concessit.
888 1719 1106 1782 consul
1150 1717 1233 1781 ad
1286 1717 1629 1783 reficienda
1673 1719 1952 1783 maxime
2011 1720 2311 1799 iumenta,
2374 1742 2537 1803 quae

141 1811 207 1869 et
252 1804 664 1887 navigatione
711 1812 773 1868 et
818 1810 1041 1888 postea
1083 1804 1415 1869 itineribus
1461 1804 1732 1888 fatigata
1763 1813 1962 1886 erant,
2009 1826 2245 1889 paucos
2275 1808 2536 1872 Larisae

141 1897 427 1956 moratus
471 1890 629 1971 dies,
686 1892 860 1956 velut
905 1898 1208 1956 renovato
1255 1891 1504 1956 modica
1550 1892 1760 1972 quiete
1808 1894 2088 1956 exercitu
2136 1894 2540 1958 Crannonem

144 1983 245 2043 est
289 1996 678 2061 progressus.
736 1977 1019 2042 venienti
1065 1978 1404 2042 Pharsalus
1451 1984 1515 2040 et
1554 1979 1820 2042 Scotusa
1866 1985 1928 2042 ct
1959 1978 2203 2043 Pherae
2252 1999 2538 2061 quaeque

143 2065 213 2128 in
262 2065 353 2128 eis
398 2063 719 2148 praesidia
748 2063 1046 2128 Antiochi
1092 2071 1272 2128 erant
1304 2062 1638 2128 deduntur.
1711 2084 1794 2129 ex
1839 2065 1917 2129 iis
1961 2065 2384 2150 interrogatis,
2431 2066 2540 2148 qui

143 2171 408 2216 manere
469 2171 685 2217 secum
746 2152 1000 2232 vellent,
1072 2151 1244 2215 mille
1304 2152 1591 2216 volentes
1652 2151 1944 2235 Philippo
2012 2152 2223 2233 tradit,
2297 2161 2539 2218 ceteros

144 2239 425 2301 inermes
467 2236 944 2302 Demetriadem
997 2238 1277 2302 remittit.
1371 2239 1714 2302 Proernam
1773 2238 1924 2305 inde
1984 2240 2224 2322 recepit
2269 2247 2332 2303 et
2377 2260 2539 2321 quae

145 2324 318 2388 circa
364 2344 506 2387 eam
553 2325 813 2388 castella
859 2330 1057 2388 erant.
1150 2322 1381 2388 ducere
1426 2329 1561 2387 tum
1607 2344 1791 2408 porro
1836 2325 1903 2388 in
1951 2326 2158 2389 sinum
2204 2326 2541 2390 Maliacum

145 2410 374 2493 coepit.
452 2409 988 2494 adpropinquanti
1034 2409 1344 2491 faucibus,
1392 2430 1581 2493 super
1628 2431 1787 2492 quas
1832 2411 1934 2475 siti
1979 2411 2327 2475 Thaumaci
2373 2419 2538 2492 sunt,

145 2496 404 2561 deserta
446 2496 605 2561 urbe
662 2497 959 2561 iuventus
1004 2497 1211 2561 omnis
1265 2503 1508 2560 armata
1567 2496 1760 2561 silvas
1807 2502 1872 2561 et
1914 2497 2141 2561 itinera
2200 2497 2433 2562 insedit
2479 2505 2542 2561 et.

143 2584 214 2647 in
274 2602 508 2665 agmen
570 2584 925 2647 Romanum
987 2603 1066 2647 ex
1139 2583 1565 2666 superioribus
1633 2583 1789 2647 locis
1856 2583 2219 2647 incursavit.
2328 2585 2543 2648 consul

142 2778 289 2827 1513
325 2779 375 2827 et
409 2790 542 2841 seq.,·
586 2772 891 2826 maiestatis
929 2774 1043 2828 cod.
1082 2772 1169 2840 (B)
1205 2779 1255 2827 et
1290 2774 1368 2827 ecl.
1409 2774 1696 2841 antiquiss.
1742 2778 1748 2837 Ι
1793 2776 1838 2828 1.
1876 2772 1997 2826 ioco
2033 2775 2111 2828 ed.
2152 2776 2281 2829 Par.
2322 2779 2461 2828 1513
2495 2782 2545 2828 et

141 2877 281 2929 seq.,·
317 2859 439 2913 loco
475 2860 590 2915 cod.
630 2866 680 2913 et
715 2860 794 2913 ed.
832 2866 928 2913 vet.
972 2861 979 2925 Ι
1021 2858 1091 2911 ad
1129 2878 1230 2915 om.
1268 2859 1331 2911 B.
1365 2861 1372 2924 1
1404 2858 1591 2912 iussus
1632 2863 1718 2912 est
1755 2864 1813 2913 et
1858 2861 2082 2929 Ussin95
2115 2859 2299 2913 iussus
2337 2865 2393 2913 et
2429 2862 2542 2916 cod.

143 2954 193 3002 et
232 2947 333 3011 ecl,
372 2949 429 2999 et
463 2947 576 3001 cod.
625 2947 773 3001 Voss.
827 2946 835 3011 Ι
884 2947 933 2999 3.
970 2944 1026 2997 in
1061 2944 1331 3013 praesidis
1367 2946 1433 2999 B.
1477 2948 1484 3012 Ι
1528 2950 1574 3001 5.
1614 2946 1685 2998 ad
1722 2950 1986 3013 quattuor
2022 2945 2170 3000 milia
2206 2949 2438 3014 Bekker5
2474 2946 2545 2999 ad

146 3033 252 3102 ·11Η·
288 3033 353 3101 Β,
390 3031 463 3085 ad
498 3031 606 3085 tria
642 3031 793 3085 milia
835 3034 930 3087 rel.
977 3034 1090 3088 cod.
1130 3034 1287 3099 (Lov.
1325 3034 1383 3099 2)
1429 3039 1480 3087 et
1523 3034 1602 3087 ed.
1651 3040 1748 3088 vet.
1799 3035 1807 3099 Ι
1858 3036 1905 3087 6.
1952 3032 2024 3085 ab
2063 3033 2240 3086 Cierio
2287 3034 2545 3087 Weissen-

145 3123 314 3187 born5
351 3118 421 3172 ab
459 3118 625 3172 cieria
661 3120 774 3174 cod.
814 3137 914 3175 rec.
954 3122 1110 3186 (Lov.
1140 3122 1198 3186 2)
1243 3127 1292 3174 et
1328 3122 1406 3175 ed.
1445 3122 1751 3190 antiquiss,
1798 3119 1870 3172 ad
1907 3119 2074 3172 cieria
2109 3120 2171 3173 B.
2213 3122 2222 3185 1
2262 3123 2309 3173 9.
2347 3122 2545 3186 gentes

143 3208 283 3262 Lov.
320 3210 372 3261 2.
405 3211 413 3272 Ι
444 3205 742 3274 potiendae
765 3206 837 3273 Βς
875 3205 1175 3273 potiundae
1213 3208 1327 3263 cod.
1367 3225 1466 3263 rec.
1506 3215 1554 3261 et
1591 3208 1669 3261 ed.
1708 3214 1804 3262 vet.
1839 3209 1846 3271 Ι
1880 3206 2180 3259 exercitum
2217 3204 2408 3257 eduxit
2443 3204 2538 3272 Β.Ι

146 3295 230 3347 15.
252 3290 510 3345 discessit
544 3291 630 3345 B1.
665 3293 673 3358 Ι
704 3290 1137 3359 ambrachiamq3
1174 3292 1236 3344 B.
1270 3294 1277 3356 Ι
1314 3294 1393 3347 18.
1416 3291 1703 3359 fatiganda
1739 3292 1800 3344 Β.
1835 3294 1843 3356 Ι
1878 3294 1956 3347 19.
1978 3295 2244 3344 renovato
2278 3291 2334 3344 M
2344 3310 2358 3353 ;
2393 3305 2547 3358 repa-

141 3382 271 3432 rato
306 3380 399 3432 rel.
438 3380 552 3434 cod.
592 3379 680 3446 (B)
716 3385 764 3433 et
801 3381 878 3433 ed.
918 3386 1034 3446 vet„
1073 3381 1140 3446 cf.
1181 3379 1353 3445 XXI,
1389 3383 1476 3442 21,
1513 3383 1550 3430 8
1597 3381 1605 3442 Ι
1654 3378 1998 3432 Crannonem
2035 3379 2113 3432 ed.
2160 3379 2317 3444 Ven.,·
2360 3393 2547 3430 crano-

142 3481 273 3519 nem
310 3465 382 3532 M,
420 3479 724 3518 cannonem
761 3465 808 3517 Β
845 3472 893 3519 et
927 3482 1026 3521 rec.
1067 3466 1221 3530 (Lov.
1244 3466 1317 3530 2).
1352 3466 1359 3530 Ι
1393 3466 1474 3518 20.
1512 3478 1841 3532 progressus
1865 3464 1946 3532 M,
1981 3462 2262 3533 profectus
2297 3466 2388 3519 rel.
2429 3464 2543 3519 cod.

141 3553 234 3621 (B)
272 3559 321 3606 et
358 3553 437 3606 ed.
477 3558 572 3605 vet.
608 3554 616 3616 Ι
646 3550 937 3619 pharsaliis
975 3556 1031 3604 et
1068 3555 1256 3604 scotus
1294 3554 1351 3603 et
1385 3549 1589 3618 phaere
1626 3550 1687 3603 Β.
1722 3552 1729 3618 Ι
1762 3553 1844 3605 22.
1865 3551 2105 3604 uolentis
2141 3551 2204 3604 B.
2247 3553 2254 3618 Ι
2297 3553 2380 3605 24.
2401 3549 2545 3602 circa

143 3655 271 3693 eam
310 3639 425 3695 cod.
463 3656 563 3694 rec.
605 3639 759 3704 (Lov.
796 3640 894 3704 22)
932 3645 980 3692 et
1017 3641 1095 3693 ed.
1134 3645 1230 3693 vet.
1243 3658 1261 3704 ,·
1309 3636 1453 3690 circa
1493 3651 1558 3689 ea
1594 3636 1641 3689 B
1687 3645 1737 3692 et
1781 3656 1901 3703 rec„
1947 3638 2091 3691 circa
2137 3640 2182 3692 Ι.
2222 3639 2289 3692 F.
2333 3638 2543 3692 Grono-

142 3729 284 3781 vius,
337 3726 347 3791 Ι
396 3726 482 3779 25.
534 3723 998 3792 adpropinquanti
1048 3727 1160 3781 cod.
1210 3725 1298 3793 (B)
1343 3731 1392 3778 et
1437 3724 1516 3778 ed.
1565 3725 1882 3792 antiquiss.;
1934 3724 2409 3793 appropinquante
2464 3725 2543 3777 ed.

146 3813 328 3867 Basil.
370 3814 528 3865 1535.
561 3813 569 3877 Ι
601 3809 843 3864 taumaci
878 3811 940 3865 B.
975 3812 982 3877 Ι
1016 3813 1098 3866 27.
1146 3810 1335 3865 consul
1383 3809 1557 3879 primo
1602 3810 1751 3863 misit
1786 3812 2017 3880 Madvig
2054 3811 2178 3864 Em.
2217 3811 2286 3864 L.
2318 3827 2376 3877 p.
2416 3813 2546 3875 520;

258 3898 308 3939 Τ.
331 3897 430 3938 Liv.
460 3897 534 3937 vl.
591 3897 733 3937 Editio
762 3896 911 3937 maior.
2202 3900 2232 3947 2

2581 1743 2641 1789 10

2579 2003 2640 2049 11

2584 2263 2642 2309 12

2584 2606 2644 2653 13
