2925 4278
336 134 458 199 178
797 148 1023 202 LIBER
1059 148 1389 204 XXXVIII.
1426 147 1592 202 CAP.
1620 152 1704 203 51.
1730 151 1812 203 52.
1855 149 1925 217 [a.
1954 149 2018 203 U.
2046 163 2090 202 e.
2118 148 2259 217 5671.

333 318 468 401 quit
518 315 683 402 „die,
729 314 965 379 tribuni
1011 314 1215 398 plebis
1259 333 1500 396 vosque
1549 313 1845 396 Quirites,
1894 335 2035 379 cum
2074 314 2436 380 Hannibale
2482 321 2545 380 et
2578 316 2732 381 Car-

333 403 839 487 thaginiensibus
885 401 1082 485 signis
1129 400 1370 466 collatis
1416 401 1484 466 in
1522 401 1741 466 Africa
1785 402 1949 467 bene
1995 421 2071 466 ac
2108 401 2376 465 feliciter
2418 401 2728 487 pugnavi.

262 512 293 558 8
332 493 567 574 itaque,
615 511 756 554 oum
801 486 991 553 hodie
1037 488 1254 552 litibus
1300 494 1363 552 ct
1407 488 1629 572 iurgiis
1684 487 2078 573 supersederi
2130 508 2403 570 aequum
2450 489 2549 568 sit,
2605 508 2732 572 ego

331 578 480 643 hinc
526 576 847 660 extemplo
892 575 957 639 in
992 574 1370 657 Capitolium
1415 573 1499 638 ad
1546 576 1762 640 Iovem
1809 575 2113 659 optimum
2159 575 2508 640 maximum
2544 577 2732 640 Iuno-

332 684 603 746 nemque
657 670 720 728 et
769 662 1124 727 Minervam
1178 667 1546 744 ceterosque
1596 663 1768 742 deos,
1824 663 1932 745 qui
1985 661 2294 746 Capitolio
2348 670 2539 745 atque
2592 661 2729 726 arci
2809 678 2840 726 5

264 772 294 819 9
333 750 717 836 praesident,
779 746 1147 813 salutandos
1206 747 1311 813 ibo
1365 748 1590 831 hisque
1650 749 1888 832 gratias
1946 769 2154 832 agam,
2220 748 2385 830 quod
2445 748 2601 812 mihi
2667 756 2733 813 et

333 839 454 904 hoc
500 838 637 922 ipso
683 835 786 900 die
832 841 895 900 et
940 854 1132 919 saepe
1184 835 1342 900 alias
1396 836 1650 920 egregie
1702 834 2022 920 gerendae
2066 835 2160 900 rei
2213 836 2505 918 publicae
2558 855 2731 900 men-

233 946 295 993 10
335 932 462 989 tem
495 924 988 1003 facultatemque
1029 920 1357 986 dederunt.
1434 929 1714 988 vestrum
1761 942 2010 1005 quoque
2055 922 2283 1004 quibus
2329 922 2731 988 commodum

336 1018 451 1093 est,
502 1010 795 1089 QuiriteS,
843 1008 928 1073 ite
975 1028 1223 1073 mecum
1271 1015 1333 1073 et
1378 1017 1554 1074 orate
1601 1008 1772 1091 deos,
1828 1016 1897 1073 ut
1948 1009 2074 1074 mei
2126 1009 2363 1074 similes
2407 1009 2730 1094 principes

232 1119 292 1165 11
334 1097 645 1177 habeatis,
706 1097 812 1175 ita,
873 1094 927 1159 si
988 1095 1069 1159 ab
1131 1095 1317 1159 annis
1379 1095 1832 1181 septemdecim
1886 1095 1971 1161 ad
2025 1101 2415 1161 senectutem
2476 1116 2730 1180 semper
2773 1112 2839 1159 10

333 1206 449 1251 vos
494 1190 769 1249 aetatem
813 1203 1022 1247 meam
1068 1182 1411 1247 honoribus
1455 1183 1684 1248 vestris
1728 1183 2039 1262 anteistis,
2085 1202 2203 1266 ego
2249 1190 2493 1248 vestros
2536 1182 2731 1247 hono-

236 1293 302 1339 12
339 1293 441 1337 res
486 1272 673 1337 rebus
718 1267 1015 1354 gerendis
1059 1269 1436 1353 praecessi.“
1516 1270 1598 1335 ab
1638 1270 1881 1335 Rostris
1911 1270 1977 1334 in
2011 1269 2388 1352 Capitolium
2417 1268 2727 1334 ascendit.

335 1359 520 1424 simul
577 1378 645 1423 se
698 1357 997 1421 universa
1050 1356 1255 1421 contio
1307 1356 1539 1421 avertit
1591 1363 1655 1421 et
1708 1364 1926 1422 secuta
1977 1356 2338 1439 Scipionem
2392 1362 2504 1438 est,
2564 1354 2730 1420 adeo

334 1453 404 1511 ut
448 1452 767 1531 postremo
813 1443 1057 1508 scribae
1104 1444 1507 1525 viatoresque
1553 1444 1838 1508 tribunos
1897 1443 2342 1524 relinquerent,
2404 1463 2524 1508 nec
2585 1463 2730 1507 cum

335 1533 414 1598 iis
445 1538 695 1616 praeter
726 1530 1018 1595 servilem
1050 1530 1414 1595 comitatum
1447 1538 1510 1594 et
1540 1550 1940 1613 praeconem,
1988 1530 2093 1611 qui
2139 1549 2317 1595 reum
2364 1551 2447 1595 eX
2485 1529 2731 1594 Rostris
2774 1544 2838 1592 15

236 1638 299 1684 13
337 1619 593 1698 citabat,
642 1618 973 1699 quisquam
1020 1624 1204 1682 esset.
1299 1617 1513 1702 Scipio
1559 1638 1687 1681 non
1732 1617 1800 1681 in
1848 1616 2155 1699 Capitolio
2201 1615 2408 1698 modo,
2457 1615 2572 1682 sed
2615 1636 2733 1700 per

336 1712 533 1770 totam
579 1705 800 1768 urbem
844 1704 1057 1768 omnia
1100 1703 1339 1788 templa
1384 1704 1573 1768 deum
1621 1724 1763 1768 cum
1803 1704 2033 1788 populo
2073 1704 2358 1770 Romano
2400 1703 2728 1769 circumiit.

236 1810 300 1857 14
338 1790 710 1857 celebratior
763 1790 818 1854 is
872 1810 1067 1874 prope
1121 1789 1258 1854 dies
1311 1790 1531 1857 favore
1583 1789 1908 1855 hominum
1970 1796 2032 1855 et
2089 1791 2530 1855 aestimatione
2576 1809 2733 1855 vera

338 1876 793 1962 magnitudinis
846 1877 980 1940 eius
1033 1876 1170 1957 fuit,
1226 1897 1415 1958 quam
1470 1897 1594 1959 quo
1648 1876 2045 1962 triumphans
2097 1876 2178 1943 de
2223 1877 2523 1961 Syphace
2577 1897 2729 1959 rege

336 1972 398 2030 et
446 1962 1077 2047 Carthaginiensibus
1122 1963 1340 2027 urbem
1389 1970 1487 2029 est
1530 1965 1839 2029 invectus.
2764 1977 2859 2023 20*

269 2072 294 2116 1
541 2051 673 2114 LII.
728 2050 848 2114 Hic
909 2050 1232 2134 speciosus
1292 2050 1548 2115 ultimus
1607 2050 1746 2115 dies
1805 2051 1874 2115 P.
1933 2049 2213 2133 Scipioni
2274 2050 2501 2115 illuxit.
2582 2055 2722 2133 post

337 2159 524 2221 quem
570 2158 711 2202 cum
766 2136 1072 2202 invidiam
1125 2145 1189 2202 et
1241 2137 1587 2202 certamina
1641 2159 1784 2203 cum
1837 2137 2105 2202 tribunis
2156 2137 2562 2223 prospiceret,
2619 2134 2725 2200 die

335 2226 618 2310 longiore
671 2223 960 2308 prodicta
1011 2225 1079 2288 in
1131 2224 1526 2290 Literninum
1583 2225 1893 2291 concessit
1946 2230 2113 2289 certo
2149 2225 2452 2305 consilio,
2508 2244 2589 2289 ne
2646 2221 2730 2287 ad

270 2332 299 2377 2
341 2332 598 2377 causam
643 2310 980 2376 dicendam
1023 2309 1296 2377 adesset.
1387 2312 1588 2377 maior
1631 2311 1881 2377 animus
1926 2316 1989 2376 et
2033 2318 2261 2376 natura
2305 2317 2440 2376 erat
2483 2331 2562 2375 ac
2603 2331 2733 2374 ma-

337 2399 455 2464 iori
500 2398 790 2463 fortunae
835 2405 1142 2481 assuetus,
1191 2418 1381 2480 quam
1426 2405 1497 2463 ut
1540 2419 1686 2464 reus
1732 2418 1873 2464 esse
1918 2398 2105 2463 sciret
2142 2405 2206 2463 et
2236 2398 2625 2464 summittere
2664 2417 2734 2462 se
2773 2411 2837 2459 25

270 2505 301 2550 3
338 2486 403 2550 in
451 2484 871 2550 humilitatem
926 2505 1182 2550 causam
1237 2485 1601 2550 dicentium.
1692 2486 1803 2551 ubi
1856 2485 1994 2550 dies
2039 2486 2214 2550 venit
2268 2486 2572 2567 citarique
2625 2484 2736 2549 ab·

342 2592 488 2637 sens
544 2579 638 2636 est
692 2579 970 2655 coeptus,
1034 2573 1104 2635 L.
1164 2571 1375 2657 Scipio
1436 2574 1723 2638 morbum
1785 2592 2011 2636 causae
2073 2592 2233 2653 esse,
2295 2592 2405 2636 cur
2456 2573 2734 2652 abesset,

272 2678 305 2724 4
345 2658 711 2723 excusabat.
799 2679 987 2741 quam
1034 2659 1511 2725 excusationem
1558 2680 1699 2724 cum
1746 2659 2000 2739 tribuni,
2049 2660 2155 2741 qui
2201 2659 2369 2724 diem
2416 2658 2734 2738 dixerant,

344 2765 470 2809 non
515 2744 893 2828 acciperent,
942 2751 1006 2811 et
1048 2747 1128 2811 ab
1178 2746 1402 2810 eadem
1448 2746 1747 2831 superbia
1790 2766 1917 2810 non
1948 2747 2169 2811 venire
2213 2746 2296 2810 ad
2344 2765 2599 2810 causam
2645 2744 2735 2808 di-

343 2830 609 2895 cendam
654 2839 1011 2915 arguerent,
1060 2852 1186 2914 qua
1231 2832 1531 2897 iudicium
1581 2840 1643 2897 et
1687 2834 1971 2899 tribunos
2016 2833 2220 2916 plebis
2266 2839 2328 2896 et
2374 2832 2733 2896 contionem
2768 2846 2835 2893 30

276 2938 306 2984 5
344 2918 720 2999 reliquisset,
777 2926 859 3000 et,
915 2919 1141 3000 quibus
1193 2919 1291 2983 ius
1344 2920 1698 2984 sententiae
1751 2918 1833 2985 de
1886 2940 1953 2984 se
2009 2918 2316 2985 dicendae
2371 2926 2434 2984 et
2485 2918 2732 2982 liberta·

346 3011 474 3068 tem
529 3003 889 3087 ademisset,
951 3005 1050 3070 his
1106 3005 1458 3088 comitatus,
1519 3007 1694 3070 velut
1746 3013 1964 3090 captos
2016 3005 2291 3088 trahens,
2346 3003 2736 3089 triumphum

343 3090 424 3155 de
468 3092 699 3176 populo
743 3093 1029 3158 Romano
1076 3092 1312 3176 egisset
1356 3093 1905 3175 secessionemque
1951 3113 2025 3158 eo
2085 3093 2188 3158 die
2240 3093 2306 3157 in
2354 3092 2736 3176 Capitolium

555 3287 635 3341 18.
682 3299 816 3338 vera
862 3286 907 3338 Ι.
947 3284 1295 3350 Perizoniu35
1338 3297 1507 3336 uerae
1553 3284 1670 3339 cod.
1696 3301 1795 3339 rec.
1826 3291 1875 3338 et
1904 3285 1985 3338 ed.
2010 3291 2106 3339 vet.
2139 3287 2148 3350 Ι
2179 3286 2261 3339 23.
2300 3282 2552 3351 prodicta
2588 3285 2638 3337 I.
2664 3285 2735 3338 F.

349 3370 688 3434 Gronovius;
732 3369 1001 3438 producta
1048 3371 1163 3425 cod.
1197 3388 1296 3425 rec.
1325 3372 1574 3439 plerique
1617 3377 1667 3424 et
1711 3372 1790 3424 ed.
1826 3378 1920 3426 vet.
1955 3374 1963 3437 Ι
2002 3369 2343 3424 Literninum
2387 3372 2519 3426 Lov.
2557 3375 2607 3438 6,
2655 3372 2734 3425 ed.

348 3457 556 3525 Camp„
595 3458 795 3525 Gelan„
830 3458 909 3510 ed.
955 3458 1135 3511 Basil.
1174 3461 1312 3510 1535
1321 3477 1339 3524 ,·
1382 3455 1639 3509 liternum
1679 3458 1790 3512 cod.
1818 3475 1916 3512 rec.
1945 3459 2206 3527 plerique,
2251 3459 2328 3512 ed.
2366 3459 2548 3513 Paris.
2579 3461 2731 3524 1510,

344 3545 531 3598 Parm.
559 3549 713 3598 1480.
746 3545 755 3608 Ι
787 3546 869 3597 25.
909 3542 1072 3596 sciret
1109 3545 1224 3599 cod.
1258 3561 1359 3598 rec.
1386 3550 1434 3597 et
1472 3545 1550 3597 ed.
1577 3550 1671 3598 vet.
1683 3564 1702 3611 ;
1750 3544 2015 3612 inciperet
2058 3545 2128 3597 M.
2161 3546 2169 3609 1
2203 3548 2260 3596 et
2295 3544 2638 3598 summittere
2673 3557 2730 3595 se

342 3628 476 3696 (MP)
523 3634 557 3682 4
593 3630 707 3685 cod.
733 3646 837 3684 rec.
861 3630 1066 3695 (Voss)
1115 3637 1163 3684 et
1188 3630 1266 3683 ed.
1292 3631 1471 3684 Basil.
1498 3634 1666 3697 1535;
1710 3636 1767 3684 et
1815 3629 2163 3684 submitteret
2209 3645 2269 3683 se
2306 3632 2419 3686 cod.
2445 3649 2545 3686 rec.
2564 3631 2731 3699 pleri-

345 3733 444 3784 que
492 3722 542 3770 et
587 3717 666 3769 ed.
703 3717 987 3784 antiquiss.
1023 3717 1031 3783 Ι
1078 3719 1161 3771 33.
1200 3715 1270 3768 de
1315 3715 1523 3784 populo
1570 3717 1822 3771 Romano
1866 3719 1938 3785 M,
1982 3720 2190 3786 Aldus;
2240 3718 2300 3771 P.
2326 3718 2393 3771 R.
2430 3720 2511 3773 vel
2544 3716 2737 3786 populi

344 3801 579 3855 Romani
616 3802 731 3857 cod.
757 3819 856 3856 rec.
885 3808 933 3855 et
968 3803 1046 3855 ed.
1065 3804 1241 3871 prior.
1278 3803 1285 3869 Ι
1319 3803 1795 3872 secessionemque
1833 3819 1899 3858 eo
1936 3804 2026 3857 die
2062 3805 2338 3870 inrMead.
2363 3811 2413 3872 1,
2451 3806 2530 3859 ed.
2556 3807 2736 3862 Basil.
