2925 4278
675 165 900 221 LIBER
939 166 1238 222 XXXVII.
1277 167 1442 222 cAP.
1471 171 1553 222 56.
1581 145 1774 235 57.‘[a.
1803 166 1868 221 U.
1895 182 1940 221 ο.
1967 168 2107 236 564].
2462 150 2585 213 115

188 349 486 427 vergunt,
557 341 682 406 nisi
744 362 906 423 quae
967 361 1181 406 eorum
1245 341 1481 426 oppida
1541 341 1609 406 in
1675 343 1964 407 libertate
2025 341 2293 408 fuissent
2358 342 2582 426 pridie,

190 450 387 513 qnam
433 449 579 493 cum
624 428 938 492 Antiocho
983 449 1136 512 rege
1182 429 1247 492 in
1294 429 1451 492 Asia
1497 435 1850 511 pugnatum
1899 434 2012 493 est.

400 516 524 581 Pro
570 515 672 580 his
717 536 860 580 cum
905 516 1146 599 gratias
1192 515 1474 599 egissent
1517 514 1768 596 Rhodii,
1834 515 1915 580 de
1962 516 2124 581 Solis
2183 516 2359 596 urbe,
2421 537 2585 599 quae

188 604 260 667 in
308 602 533 667 Cilicia
576 608 692 682 est,
741 608 1040 685 egerunt·
1087 602 1276 686 Argis
1322 608 1387 666 et
1429 602 1590 681 illos,
1639 602 1800 666 sicut
1846 621 2004 682 sese,
2060 602 2357 667 oriundos
2404 624 2583 687 esse,
2568 628 2582 641 ·

129 707 154 754 5
189 690 278 754 ab
325 708 404 753 ea
446 688 868 771 germanitate
913 687 1259 753 fraternam
1306 687 1428 753 sibi
1476 708 1617 752 cum
1662 689 1742 753 iis
1774 688 2100 753 caritatem
2147 708 2320 771 esse3
2368 697 2585 773 petere

191 776 315 841 hoc
363 773 933 840 extraordinarium
979 794 1228 854 munuS,
1276 781 1344 838 ut
1391 794 1533 838 eam
1579 775 1902 839 civitatem
1949 795 2032 840 ex
2062 775 2363 840 servitute
2408 778 2588 861 regia

192 863 570 928 eximerent.
664 861 870 925 vocati
917 867 1064 925 sunt
1105 861 1302 944 legati
1345 861 1517 944 regis
1562 861 1880 941 Antiochi,
1927 868 2265 942 actumque
2320 883 2461 927 cum
2509 863 2585 927 iis

192 956 295 1014 est
338 968 461 1013 nec
507 948 842 1029 quicquam
888 947 1294 1031 impetratum
1340 953 1614 1012 testante
1660 947 1921 1012 foedera
1967 949 2319 1031 Antipatro,
2366 949 2586 1013 adver-

193 1055 304 1100 sus
350 1054 514 1116 quae
560 1034 640 1098 ab
687 1032 953 1097 Rhodiis
999 1053 1125 1098 non
1172 1034 1371 1114 SoloS,
1421 1033 1535 1098 sed
1583 1034 1868 1099 Ciliciam
1915 1036 2045 1118 peti
2091 1041 2155 1099 et
2200 1036 2351 1117 iuga
2393 1037 2587 1101 Tauri

106 1138 155 1186 10
191 1120 579 1186 transcendi.
691 1120 1007 1185 revocatis
1071 1120 1139 1183 in
1207 1085 1499 1184 sena’tum
1566 1120 1866 1200 Rhodiis,
1915 1141 2057 1185 cum
2102 1129 2340 1222 quanto
2396 1143 2586 1206 opere

194 1206 488 1274 tenderet
531 1207 779 1308 legatus
822 1206 1056 1289 regius,
1105 1207 1571 1290 exposuissent,
1628 1201 2016 1287 adiecerunt,
2080 1208 2133 1272 si
2181 1209 2397 1290 utique
2444 1230 2586 1273 eam

193 1315 331 1360 rem
375 1293 460 1358 ad
508 1293 782 1357 civitatis
827 1312 980 1357 suae
1026 1291 1402 1375 dignitatem
1445 1293 1765 1376 pertinere
1811 1259 2144 1358 censerent
2187 1293 2439 1375 Rhodii,
2496 1315 2586 1360 se-

194 1388 416 1445 natum
462 1379 637 1444 omni
696 1379 882 1444 modo
944 1385 1456 1462 expugnaturum
1517 1380 1932 1463 pertinaciam
1991 1381 2361 1464 legatorum.
2453 1388 2587 1445 turn

196 1488 350 1533 vero
395 1466 744 1567 impensius
791 1485 983 1546 quam
1028 1472 1176 1530 ante
1231 1464 1465 1530 Rhodii
1525 1467 1765 1547 gratias
1828 1474 2113 1550 egerunt,
2177 1487 2589 1568 cessurosque

108 1569 162 1617 15
199 1574 340 1619 sese
386 1553 595 1653 potius
641 1553 1040 1635 arrogantiae
1085 1552 1425 1635 Antipatri,
1475 1572 1666 1633 quam
1711 1573 1970 1617 causam
2016 1554 2368 1618 turbandae
2413 1554 2590 1639 pacis

199 1639 598 1725 praebituros
642 1638 959 1703 dixerunt.
1053 1638 1143 1702 ita
1188 1638 1346 1702 nihil
1390 1638 1472 1703 de
1520 1639 1683 1704 Solis
1729 1645 2040 1704 mutatum
2086 1648 2199 1705 est.

405 1726 603 1791 LVII.
650 1726 774 1790 Per
818 1745 927 1790 eos
972 1724 1129 1804 dies,
1179 1724 1409 1806 quibus
1454 1725 1615 1790 haec
1661 1733 1847 1809 gesta
1891 1734 2057 1807 sunt,
2093 1727 2313 1828 legati
2375 1727 2590 1793 Massi-

197 1812 494 1878 liensium
537 1812 907 1876 nuntiarunt
952 1812 1023 1875 L.
1059 1811 1368 1875 Baebium
1414 1819 1772 1895 praetorem
1819 1813 1883 1876 in
1929 1813 2322 1897 provinciam
2368 1815 2591 1898 Hispa-

198 1900 369 1963 niam
433 1897 937 1982 proficiscentem
998 1898 1079 1962 ab
1135 1898 1478 1998 Liguribus
1534 1898 2051 1979 circumventum,
2114 1921 2347 1983 magna
2413 1908 2593 1984 parte

108 2000 167 2048 20
202 1986 502 2052 comitum
548 2004 736 2049 caesa
782 1984 1180 2049 vulneratum
1226 1985 1436 2067 ipsum
1484 2005 1625 2049 cum
1659 1986 1878 2085 paucis
1911 1986 2047 2050 sine
2078 1987 2404 2051 lictoribus
2435 1988 2594 2052 Mas-

201 2073 405 2137 siliam
452 2070 808 2156 perfugisse
855 2076 920 2135 et
962 2070 1131 2134 intra
1175 2070 1451 2135 triduum
1499 2072 1877 2156 exspirasse.
1970 2079 2228 2138 senatus
2274 2094 2351 2138 ea
2394 2094 2462 2138 re
2490 2093 2594 2137 au-

201 2159 337 2224 dita
403 2158 705 2238 decrevit,
767 2158 858 2222 uti
905 2159 972 2221 P.
1024 2159 1243 2222 Iunius
1302 2159 1554 2239 Brutus,
1617 2159 1724 2239 qui
1784 2168 2152 2260 propraetor
2209 2161 2276 2223 in
2343 2161 2594 2224 Etruria

204 2252 391 2325 esset,
439 2244 767 2329 provincia
812 2244 1223 2325 exercituque
1269 2244 1517 2309 traditis
1564 2245 1692 2325 uni,
1727 2246 1828 2309 cui
1859 2245 2197 2326 videretur,
2232 2267 2314 2311 ex
2345 2247 2592 2348 legatiS,

205 2333 342 2416 ipse
388 2331 456 2395 in
502 2331 861 2395 ulteriorem
906 2330 1284 2413 Hispaniam
1329 2330 1855 2414 proficisceretur,
1905 2352 2106 2413 eaque
2161 2333 2220 2397 ei
2265 2334 2597 2417 provincia

114 2432 172 2480 25
207 2425 392 2484 esset.
486 2416 608 2482 hoc
653 2424 911 2482 senatus
958 2417 1314 2481 consultum
1372 2417 1746 2499 litteraeque
1805 2438 1846 2482 a
1892 2419 1998 2501 Sp.
2048 2419 2367 2483 Postumio
2422 2440 2596 2503 prae-

206 2512 340 2570 tore
386 2504 453 2568 in
497 2504 814 2568 Etruriam
873 2503 1107 2568 missae
1164 2509 1343 2586 sunt;
1411 2503 1860 2587 profectusque
1927 2505 1993 2567 in
2063 2505 2439 2588 Hispaniam
2501 2511 2598 2571 est

207 2593 275 2656 P.
306 2591 530 2655 Iunius
589 2596 973 2675 propraetor.
1066 2590 1132 2653 in
1194 2609 1321 2670 qua
1380 2591 1707 2673 provincia
1764 2591 1940 2673 prius
1998 2591 2344 2672 aliquanto,
2406 2612 2596 2674 quam

210 2697 534 2743 successor
577 2676 843 2757 veniret,
890 2677 961 2741 L.
995 2676 1303 2740 Aemilius
1348 2675 1600 2756 Paulus,
1666 2677 1771 2757 qui
1816 2683 2041 2760 postea
2102 2698 2319 2761 regem
2364 2679 2600 2743 Persea

209 2784 444 2848 magna
486 2762 689 2847 gloria
732 2763 905 2843 vicit,
954 2782 1096 2826 cum
1142 2763 1348 2845 priore
1393 2781 1563 2826 anno
1609 2762 1780 2827 haud
1826 2783 2125 2847 prospere
2186 2786 2318 2830 rem
2374 2766 2599 2848 gessis-

119 2863 178 2912 30
213 2858 323 2931 set,
372 2849 777 2914 tumultuario
837 2849 1122 2914 exercitu
1168 2849 1448 2930 collecte,
1513 2849 1714 2930 signis
1774 2850 2017 2915 collatis
2078 2870 2221 2915 cum
2279 2851 2600 2916 Lusitanis

211 2935 553 3020 pugnavit;
601 2935 726 3000 fusi
770 2935 1101 3019 fugatique
1147 2933 1380 3014 hosteS,
1429 2955 1617 3000 caesa
1678 2935 1899 3001 decern
1962 2943 2102 3002 octo
2165 2938 2338 3002 milia
2396 2958 2594 3001 arma-

214 3029 447 3106 torum;
495 3021 621 3087 duo
667 3021 841 3085 milia
886 3021 1151 3087 trecenti
1198 3022 1365 3104 capti
1413 3028 1477 3086 et
1523 3028 1729 3087 castra
1775 3030 2160 3106 expugnata.
2239 3023 2426 3089 huius
2471 3024 2595 3088 vic-

215 3110 411 3174 toriae
455 3108 630 3172 fama
675 3107 1141 3190 tranquilliores
1186 3108 1253 3171 in
1299 3107 1612 3191 Hispania
1657 3128 1760 3173 res
1806 3108 1974 3174 fecit.

419 3301 466 3354 2.
496 3300 803 3366 pugnatum
839 3301 989 3350 esset
1024 3297 1262 3352 Vossius.
1297 3298 1305 3363 Ι
1336 3300 1385 3351 4.
1422 3296 1479 3349 in
1515 3295 1665 3364 lycia
1701 3297 1762 3350 B.
1797 3297 1805 3366 Ι
1837 3301 1884 3352 5.
1912 3314 2036 3351 cum
2071 3297 2158 3351 his
2181 3298 2244 3352 B.
2278 3301 2286 3360 Ι
2318 3299 2604 3352 caritatem

221 3386 331 3441 cod.
357 3387 607 3455 plerique
641 3383 730 3450 (B)
775 3391 824 3438 et
868 3385 947 3438 ed.
983 3390 1077 3437 vet.
1090 3402 1108 3448 ,·
1153 3383 1387 3451 gratiam
1423 3384 1492 3437 M.
1528 3386 1536 3450 Ι
1570 3387 1617 3438 7.
1656 3399 1781 3437 cum
1818 3383 1904 3438 his
1941 3389 2029 3438 est
2064 3400 2133 3438 ne
2170 3385 2464 3453 quicquam
2500 3385 2563 3439 B.
2594 3386 2600 3454 Ι

219 3475 264 3528 8.
300 3470 527 3526 foedere
560 3471 621 3525 B.
658 3472 666 3537 Ι
698 3474 746 3526 9.
783 3469 973 3523 rhodis
1011 3470 1071 3523 B.
1105 3469 1113 3536 Ι
1149 3474 1229 3526 11.
1266 3469 1562 3523 tenderent
1595 3471 1658 3524 B.
1692 3474 1700 3536 Ι
1732 3471 2118 3538 exposuissent
2152 3476 2358 3540 patres,
2396 3472 2604 3526 adiece-

219 3563 343 3612 runt
378 3560 577 3614 Aldus.
611 3558 619 3624 Ι
653 3561 733 3613 15.
771 3571 994 3610 causam
1020 3556 1089 3623 M,
1115 3558 1248 3611 Lov.
1274 3561 1325 3622 2,
1360 3558 1572 3624 Aldus,·
1605 3571 1803 3611 causas
1837 3559 1927 3612 rel.
1956 3559 2069 3613 cod.
2096 3558 2183 3625 (B)
2208 3566 2257 3612 et
2292 3561 2372 3613 ed.
2392 3561 2566 3628 prior.
2595 3561 2600 3627 Ι

220 3644 520 3699 turbandae
556 3643 748 3712 paucis
784 3643 846 3696 B.
880 3646 888 3709 Ι
920 3646 1003 3697 23.
1031 3641 1250 3695 traditis
1287 3644 1400 3698 cod.
1428 3661 1528 3698 rec.
1548 3645 1795 3712 plerique
1829 3645 1988 3710 (Lov.
2013 3649 2064 3712 2,
2099 3646 2270 3711 Voss.)
2307 3651 2357 3699 et
2380 3647 2458 3700 ed.
2486 3652 2578 3700 vet.
2589 3664 2609 3712 ;

220 3731 422 3786 tradito
457 3731 505 3785 B
542 3734 598 3783 et
632 3736 670 3784 2
706 3732 820 3785 cod.
846 3747 947 3784 rec.
982 3731 990 3794 Ι
1023 3731 1105 3785 28.
1144 3728 1301 3782 uenit
1337 3728 1385 3781 8z
1420 3728 1453 3784 l.
1482 3729 1732 3782 aemilius
1767 3730 1829 3783 B.
1865 3731 1873 3795 Ι
1905 3733 1987 3786 29.
2016 3731 2286 3796 gessisset
2321 3731 2370 3784 &
2405 3730 2606 3784 tumul-

221 3818 397 3871 tuario
434 3817 497 3871 B.
531 3817 539 3884 1
571 3819 653 3872 32.
692 3816 799 3870 tria
834 3815 986 3870 milia
1023 3817 1137 3872 cod.
1164 3833 1265 3871 rec.
1299 3817 1307 3880 Ι
1340 3818 1423 3870 33.
1461 3815 1519 3868 in
1554 3814 1809 3884 hispania
1844 3831 1935 3869 rec
1973 3818 2087 3885 epit
2120 3818 2183 3871 B.
2218 3818 2226 3883 Ι

2232 3903 2298 3955 8*
