2925 4278
652 167 875 220 LIBER
910 168 1180 222 XXXVI.
1219 168 1496 227 CAP.15.
1527 176 1606 228 16.
1647 172 1720 242 [a.
1749 173 1815 228 U.
1842 190 1887 227 ο.
1918 176 2061 243 563].
2469 162 2546 224 19

155 340 276 404 hoc
336 339 555 423 iugum
610 340 690 405 ab
736 342 1013 407 Leucate
1044 350 1123 407 et
1183 345 1342 407 mari
1395 344 1482 408 ad
1526 344 1920 411 occidentem
1967 367 2150 411 verso
2205 369 2319 432 per
2361 350 2544 414 Aeto·
2619 374 2649 417 o

153 425 301 490 liam
349 425 434 489 ad
478 427 743 492 alterum
788 449 963 493 mare
1008 429 1235 493 orienti
1266 430 1582 495 obiectum
1628 431 1899 496 tendens
1932 453 2008 497 ea
2036 441 2292 516 aspreta
2335 456 2543 520 rupes-

154 531 274 594 que
319 512 687 579 interiectas
732 514 945 596 habet,
1010 522 1080 579 ut
1140 537 1266 580 non
1328 517 1515 582 modo
1578 517 1894 583 exercitus
1955 518 2067 584 sed
2131 541 2212 584 ne
2260 522 2544 605 expediti

154 597 408 680 quidem
453 599 641 664 facile
688 601 849 665 ullas
893 600 978 665 ad
1022 603 1355 667 transitum
1403 605 1595 668 calles
1653 605 2001 669 inveniant.
2096 613 2413 673 extremos
2459 609 2543 673 ad
2583 632 2647 677 10

88 708 119 755 5
155 685 457 749 orientem
525 693 775 752 montes
835 686 1062 752 Oetam
1123 696 1370 769 vocant,
1442 710 1708 771 quorum
1778 691 1948 772 quod
2007 692 2382 757 altissimum
2445 703 2541 760 est

158 771 580 838 Callidromon
625 773 1008 857 appellatur3
1061 775 1128 838 in
1175 776 1352 840 cuius
1396 777 1562 841 valle
1618 776 1702 840 ad
1748 778 2085 842 Maliacum
2145 779 2353 844 sinum
2410 801 2542 844 ver-

150 864 337 940 gente
398 859 519 922 iter
584 867 681 924 est
740 881 868 925 non
929 861 1118 926 latius
1178 882 1368 943 quam
1437 863 1778 946 sexaginta
1845 884 2090 947 passus
2192 865 2352 930 haec
2413 887 2541 931 una
2584 889 2640 933 11

148 944 432 1009 militaris
494 946 601 1009 via
661 953 774 1026 est,
845 967 971 1028 qua
1036 947 1281 1012 traduci
1342 951 1680 1030 exercitus,
1749 950 1802 1014 si
1869 970 1998 1015 non
2065 952 2538 1035 prohibeantur,

145 1031 407 1113 possint.
502 1031 645 1096 ideo
703 1033 922 1115 Pylae,
986 1040 1050 1097 et
1108 1035 1188 1098 ab
1250 1035 1409 1116 aliis,
1475 1036 1625 1117 quia
1686 1036 1928 1102 calidae
1988 1058 2194 1120 aquae
2253 1039 2319 1103 in
2386 1039 2541 1123 ipsis
2582 1062 2643 1107 12

53 1140 111 1186 10
145 1116 438 1182 faucibus
499 1125 685 1198 sunt,
726 1119 1196 1204 Thermopylae
1257 1121 1438 1186 locus⁴
1492 1124 1862 1206 appellatur,
1933 1125 2164 1189 nobilis
2223 1125 2538 1190 Lacedae-

145 1204 499 1269 moniorum
543 1203 851 1270 adversus
882 1207 1108 1271 Persas
1153 1215 1352 1272 morte
1397 1210 1604 1292 magis
1645 1212 2035 1275 memorabili
2067 1231 2255 1293 quam
2301 1232 2533 1295 pugna.

346 1291 526 1354 XVI.
576 1291 1086 1374 Haudquaquam
1130 1295 1269 1377 pari
1315 1301 1448 1358 tum
1482 1295 1693 1358 animo
1725 1296 2075 1361 Antiochus
2115 1297 2281 1360 intra
2325 1305 2537 1380 portas
2613 1322 2634 1365 1

145 1377 258 1440 loci
307 1377 451 1441 eius
496 1377 720 1443 castris
765 1379 989 1462 positis
1035 1380 1493 1445 munitionibus
1537 1381 1798 1463 insuper
1843 1382 2072 1446 saltum
2116 1381 2534 1467 impediebat;

144 1469 219 1543 et,
271 1484 422 1528 cum
453 1463 690 1547 duplici
721 1465 887 1529 vallo
932 1465 1228 1546 fossaque
1261 1473 1323 1530 et
1370 1487 1547 1530 muro
1580 1466 1792 1546 etiam,
1843 1488 1967 1548 qua
2012 1488 2115 1534 res
2153 1469 2533 1551 postulabat,
2609 1492 2637 1536 2

53 1570 109 1618 15
145 1568 221 1612 eX
281 1550 488 1614 multa
543 1551 729 1634 copia
786 1552 1025 1634 passim
1083 1552 1427 1616 iacentium
1489 1552 1773 1635 lapidum
1833 1556 2257 1636 permunisset
2301 1557 2532 1637 omnia,

144 1637 290 1701 satis
358 1636 571 1701 fidens
630 1658 973 1719 numquam
1035 1657 1111 1701 ea
1170 1639 1298 1702 vim
1361 1640 1717 1704 Romanum
1781 1641 2129 1705 exercitum
2197 1641 2530 1723 facturum,
2606 1666 2636 1710 3

142 1724 397 1789 Aetolos
446 1744 529 1788 ex
577 1730 868 1805 quattuor
914 1724 1169 1789 milibus
1215 1763 1296 1771 —
1344 1732 1436 1788 tot
1483 1725 1651 1789 enim
1699 1734 2128 1791 convenerant
2172 1766 2257 1773 —
2303 1730 2533 1811 partim

142 1809 218 1872 ad
286 1810 673 1875 Heracleam
739 1809 1056 1893 praesidio
1127 1810 1561 1892 obtinendam,
1632 1832 1795 1893 quae
1862 1820 2012 1877 ante
2072 1815 2245 1897 ipsas
2313 1814 2533 1880 fauces

142 1896 340 1976 posita
409 1903 522 1976 est,
585 1897 815 1979 partim
861 1898 1187 1980 Hypatam
1250 1898 1460 1978 mittit,
1526 1905 1587 1962 et
1632 1898 2006 1963 Heracleam
2069 1899 2241 1964 haud
2301 1900 2530 1967 dubius
2604 1928 2636 1970 4

54 2002 110 2049 20
143 1983 464 2047 consulem
509 1990 1037 2066 oppugnaturum,
1088 1990 1151 2047 et
1192 1984 1316 2048 iam
1364 1984 1578 2049 multis
1622 1986 2061 2051 nuntiantibus
2107 1987 2274 2051 circa
2317 1988 2531 2071 Hypa-

141 2074 262 2131 tam
330 2068 552 2133 omnia
621 2070 912 2133 evastari.
1021 2071 1241 2134 consul
1306 2069 1728 2155 depopulatus
1795 2072 2233 2156 Hypatensem
2304 2075 2524 2157 primO,
2603 2099 2632 2144 5

142 2153 366 2219 deinde
418 2156 908 2220 Heracleensem
952 2177 1195 2240 agrum,
1243 2158 1451 2221 inutili
1496 2158 1828 2240 utrobique
1873 2160 2110 2225 auxilio
2142 2161 2526 2241 Aetolorum,

140 2240 202 2304 in
244 2242 406 2326 ipsis
437 2242 727 2307 faucibus
773 2263 968 2326 prope
1012 2243 1219 2308 fontes
1250 2244 1597 2308 calidarum
1626 2265 1934 2327 aquarum
1964 2245 2273 2311 adversus
2312 2267 2527 2330 regem

140 2329 345 2409 posuit
395 2335 621 2393 castra.
685 2330 1048 2394 Aetolorum
1092 2336 1396 2412 utraeque
1452 2351 1679 2395 manus
1725 2332 2100 2396 Heracleam
2148 2352 2288 2397 sese
2335 2333 2525 2397 inclu-

53 2432 106 2480 25
140 2421 366 2479 serunt.
465 2415 867 2495 Antiochum,
938 2416 1058 2495 cui,
1122 2416 1488 2499 priusquam
1541 2417 1789 2480 hostem
1835 2425 2138 2497 cerneret,
2202 2419 2355 2482 satis
2401 2439 2524 2482 om·
2600 2442 2629 2486 e

139 2500 239 2564 nia
281 2502 665 2585 permunita·
695 2507 757 2566 et
815 2501 1151 2585 praesidiis
1196 2503 1504 2585 obsaepta
1549 2501 1949 2582 videbantur,
2013 2504 2197 2567 timor
2241 2504 2520 2584 incessit,

137 2608 212 2652 ne
255 2608 421 2669 quas
465 2608 581 2671 per
623 2588 1018 2651 imminentia
1062 2589 1213 2672 iuga
1243 2588 1432 2652 calles
1475 2588 1788 2651 inveniret
1818 2588 1900 2651 ad
1942 2590 2271 2653 transitum
2303 2591 2524 2654 Roma-

18 2699 21 2760 ᾗ
136 2693 274 2757 nus;
322 2694 480 2738 nam
529 2681 592 2737 et
621 2674 1161 2739 Lacedaemonios
1207 2673 1525 2755 quondam
1570 2674 1660 2737 ita
1703 2694 1743 2737 a
1774 2675 1984 2739 Persis
2030 2675 2322 2740 circuitos
2352 2675 2526 2740 fama
2599 2701 2626 2746 7

18 2767 21 2820 es
136 2765 281 2841 erat,
331 2767 399 2824 et
461 2777 664 2843 nuper
708 2760 1070 2844 Philippum
1129 2761 1212 2824 ab
1271 2760 1501 2825 iisdem
1545 2760 1868 2825 Romanis.
1958 2761 2173 2842 itaque
2232 2763 2525 2826 nuntium
2597 2787 2627 2832 8

52 2862 104 2910 30
136 2845 512 2911 Heracleam
555 2846 640 2909 ad
671 2846 929 2911 Aetolos
973 2846 1182 2927 mittit,
1229 2853 1300 2910 ut
1330 2847 1497 2911 hanc
1542 2846 1765 2911 saltem
1811 2846 1935 2912 sibi
1965 2867 2222 2932 operam
2254 2869 2327 2913 eo
2359 2849 2525 2913 bello

18 3069 19 3108 ἢ
135 3039 286 3104 tergo
348 3036 770 3103 Peloponnesus
834 3037 914 3089 M.
970 3037 1225 3104 Mueller,
1300 3038 1367 3103 cf.
1423 3036 1500 3089 H.
1557 3036 1606 3089 I.
1661 3037 1894 3090 Mueller
1955 3055 2083 3091 awn.
2151 3039 2331 3093 Berol.
2386 3041 2521 3092 1891

18 3115 19 3180 ζ
129 3138 182 3187 p.
219 3127 350 3190 167,·
396 3126 561 3190 terra,
609 3122 716 3176 sita
761 3121 833 3175 ab
872 3126 1032 3190 tergo
1071 3129 1128 3180 et
1163 3121 1584 3190 Peloponnesus
1628 3121 2058 3189 (poloponensus
2094 3123 2161 3190 B)
2206 3125 2317 3179 cod.
2357 3130 2407 3177 et
2442 3125 2519 3178 ed.

18 3195 21 3282 'r

18 3423 21 3520 l

18 3603 25 3764 Ι

18 3767 21 3862 l

136 3209 294 3269 (terra
330 3223 400 3261 ac
445 3208 554 3261 sita
598 3208 670 3262 ab
707 3212 867 3275 tergo
914 3210 971 3260 et
1015 3208 1428 3275 Peloponnesus
1480 3208 1638 3262 Gertz
1685 3209 1863 3263 Nord.
1915 3210 2128 3264 Tidskr.
2175 3213 2313 3263 1878
2345 3227 2400 3277 p.
2439 3213 2521 3276 54,

136 3298 300 3363 terra3
348 3294 460 3347 sita
495 3294 568 3348 ab
605 3299 763 3363 tergo
801 3299 885 3348 est
921 3295 1336 3362 Peloponnesus
1371 3296 1447 3349 H.
1479 3296 1529 3347 1.
1558 3295 1792 3349 Mueller
1828 3297 1861 3349 l.
1902 3298 1983 3362 (3.).
2017 3297 2025 3360 Ι
2060 3298 2106 3350 1.
2141 3293 2370 3348 leucade
2406 3294 2467 3348 B.
2511 3294 2518 3364 Ι

136 3393 289 3434 verso
326 3382 409 3436 ed.
447 3382 628 3436 Basil.
654 3386 794 3436 1535
800 3402 819 3449 ;
862 3397 1025 3435 uersa
1048 3382 1112 3450 B,
1150 3383 1264 3438 eod.
1301 3399 1400 3436 rec.
1440 3380 1681 3448 (uersam
1718 3383 1851 3436 13ου.
1876 3384 1934 3448 2)
1982 3388 2029 3436 et
2065 3383 2144 3436 ed.
2181 3383 2466 3450 antiquiss.
2510 3383 2516 3450 Ι

137 3469 178 3518 5.
212 3468 419 3522 montis
454 3467 518 3522 B.
560 3469 567 3535 Ι
607 3471 656 3522 9.
677 3473 905 3536 possent
941 3468 989 3521 B
1033 3476 1083 3523 et
1117 3486 1217 3525 ree.
1257 3469 1412 3535 (Lov.
1451 3470 1525 3534 2).
1568 3468 1577 3531 1
1620 3470 1700 3521 12.
1730 3472 1921 3536 portas
1958 3486 2057 3523 om.
2085 3467 2149 3520 B.
2190 3469 2199 3534 Ι
2242 3471 2319 3523 15.
2340 3466 2522 3520 omnia

138 3550 200 3620 M,
234 3556 447 3623 Aldue5
482 3573 584 3611 om.
623 3557 715 3610 rel.
753 3558 868 3611 cod.
906 3556 994 3624 (B)
1039 3564 1088 3610 et
1122 3557 1201 3610 ed.
1239 3561 1335 3610 vet.
1387 3555 1395 3620 Ι
1447 3557 1527 3609 16.
1566 3553 1633 3608 ea
1670 3555 1736 3607 ui
1763 3554 1825 3608 Β.
1875 3554 1883 3620 Ι
1934 3552 2233 3607 exercitum
2269 3571 2371 3609 om.
2404 3553 2467 3606 Β.
2511 3553 2516 3620 Ι

142 3641 211 3692 17.
228 3645 475 3709 quatuor
509 3641 572 3694 B.
606 3643 613 3707 Ι
648 3644 727 3696 19.
747 3641 992 3710 hipatam
1029 3650 1079 3697 et
1112 3644 1193 3698 sic
1227 3643 1290 3695 in
1325 3659 1426 3709 seq.
1465 3641 1527 3694 Β.
1561 3643 1568 3708 Ι
1600 3644 1684 3696 22.
1722 3639 2044 3694 ΙιθτειοΙΘΠεέ
2077 3639 2140 3693 Β.
2174 3640 2181 3706 Ι
2213 3642 2298 3694 24.
2334 3637 2523 3708 posuit
2610 3716 2614 3721 ¹

137 3730 309 3780 castra
355 3727 418 3795 B,
465 3728 580 3784 eod.
615 3745 714 3783 rec.
762 3731 917 3794 (Lov.
952 3733 1010 3796 2)
1059 3736 1108 3783 et
1161 3729 1238 3783 ed.
1276 3728 1595 3796 autiqui83.3
1651 3729 1833 3779 castra
1887 3725 2076 3794 posuit
2119 3727 2191 3780 al.
2240 3727 2353 3781 eod.
2399 3742 2520 3793 rec„

140 3812 325 3869 Aldus.
359 3818 368 3880 Ι
399 3818 637 3883 utraque
672 3819 708 3868 2
743 3816 856 3871 cod.
883 3833 1002 3883 rec,
1040 3817 1087 3872 I.
1114 3817 1182 3871 F.
1215 3814 1541 3870 Gronovius.
1574 3813 1583 3880 Ι
1613 3814 1699 3867 25.
1734 3811 1831 3879 qui
1866 3812 2277 3930 priusquamzss.
2309 3813 2319 3879 Ι

2142 3903 2171 3948 2
