<?xml version="1.0" encoding="UTF-8"?>
<!DOCTYPE html PUBLIC "-//W3C//DTD XHTML 1.0 Transitional//EN"
    "http://www.w3.org/TR/xhtml1/DTD/xhtml1-transitional.dtd">
<html xmlns="http://www.w3.org/1999/xhtml" xml:lang="en" lang="en">
 <head>
  <title>
</title>
<meta http-equiv="Content-Type" content="text/html;charset=utf-8" />
  <meta name='ocr-system' content='tesseract 3.04.00' />
  <meta name='ocr-capabilities' content='ocr_page ocr_carea ocr_par ocr_line ocrx_word'/>
</head>
<body>
  <div class='ocr_page' id='page_1' title='image "./tliviaburbecond00zinggoog_0088.png"; bbox 0 0 2925 4278; ppageno 0'>
   <div class='ocr_carea' id='block_1_1' title="bbox 590 140 2501 224">
    <p class='ocr_par' dir='ltr' id='par_1_1' title="bbox 590 140 2501 224">
     <span class='ocr_line' id='line_1_1' title="bbox 590 140 2501 224; baseline 0.001 -17"><span class='ocrx_word' id='word_1_1' title='bbox 590 155 812 208; x_wconf 80' lang='lat' dir='ltr'><strong>LIBER</strong></span> <span class='ocrx_word' id='word_1_2' title='bbox 850 155 1146 209; x_wconf 78' lang='lat' dir='ltr'>XXXVII.</span> <span class='ocrx_word' id='word_1_3' title='bbox 1187 154 1350 209; x_wconf 82' lang='lat' dir='ltr'><strong>CAP.</strong></span> <span class='ocrx_word' id='word_1_4' title='bbox 1377 160 1459 211; x_wconf 80' lang='lat'>25.</span> <span class='ocrx_word' id='word_1_5' title='bbox 1488 159 1571 211; x_wconf 82' lang='lat'>26.</span> <span class='ocrx_word' id='word_1_6' title='bbox 1612 157 1684 224; x_wconf 74' lang='lat' dir='ltr'>[a.</span> <span class='ocrx_word' id='word_1_7' title='bbox 1711 156 1775 210; x_wconf 86' lang='lat' dir='ltr'>U.</span> <span class='ocrx_word' id='word_1_8' title='bbox 1803 172 1848 209; x_wconf 71' lang='grc' dir='ltr'>ο.</span> <span class='ocrx_word' id='word_1_9' title='bbox 1878 156 2018 224; x_wconf 67' lang='lat'>564}</span> <span class='ocrx_word' id='word_1_10' title='bbox 2421 140 2501 202; x_wconf 77' lang='grc'>79</span> 
     </span>
    </p>
   </div>
   <div class='ocr_carea' id='block_1_2' title="bbox 59 330 2605 3274">
    <p class='ocr_par' dir='ltr' id='par_1_2' title="bbox 59 330 2605 3274">
     <span class='ocr_line' id='line_1_2' title="bbox 149 330 2495 415; baseline 0 -19"><span class='ocrx_word' id='word_1_11' title='bbox 149 352 208 396; x_wconf 87' lang='lat' dir='ltr'>se</span> <span class='ocrx_word' id='word_1_12' title='bbox 250 331 488 395; x_wconf 88' lang='lat' dir='ltr'>tertium</span> <span class='ocrx_word' id='word_1_13' title='bbox 531 332 691 415; x_wconf 81' lang='lat' dir='ltr'>peti3</span> <span class='ocrx_word' id='word_1_14' title='bbox 740 338 808 395; x_wconf 92' lang='lat' dir='ltr'>ut</span> <span class='ocrx_word' id='word_1_15' title='bbox 856 330 1118 413; x_wconf 81' lang='lat' dir='ltr'>quisque</span> <span class='ocrx_word' id='word_1_16' title='bbox 1164 331 1488 415; x_wconf 85' lang='lat' dir='ltr'>proximus</span> <span class='ocrx_word' id='word_1_17' title='bbox 1533 331 1615 394; x_wconf 90' lang='lat' dir='ltr'>ab</span> <span class='ocrx_word' id='word_1_18' title='bbox 1663 351 1961 414; x_wconf 91' lang='lat' dir='ltr'>oppresso</span> <span class='ocrx_word' id='word_1_19' title='bbox 1995 331 2093 411; x_wconf 90' lang='lat' dir='ltr'>sit,</span> <span class='ocrx_word' id='word_1_20' title='bbox 2135 351 2247 413; x_wconf 89' lang='lat' dir='ltr'>per</span> <span class='ocrx_word' id='word_1_21' title='bbox 2277 350 2495 396; x_wconf 92' lang='lat' dir='ltr'>omnes</span> 
     </span>
     <span class='ocr_line' id='line_1_3' title="bbox 142 415 2600 500; baseline -0.001 -18"><span class='ocrx_word' id='word_1_22' title='bbox 142 419 295 483; x_wconf 85' lang='lat' dir='ltr'>velut</span> <span class='ocrx_word' id='word_1_23' title='bbox 337 418 657 482; x_wconf 89' lang='lat' dir='ltr'>continens</span> <span class='ocrx_word' id='word_1_24' title='bbox 702 415 1063 482; x_wconf 79' lang='lat' dir='ltr'>incendium</span> <span class='ocrx_word' id='word_1_25' title='bbox 1109 437 1547 500; x_wconf 81' lang='lat' dir='ltr'>pervasurum3</span> <span class='ocrx_word' id='word_1_26' title='bbox 1596 417 1676 480; x_wconf 92' lang='lat' dir='ltr'>ab</span> <span class='ocrx_word' id='word_1_27' title='bbox 1724 437 1789 481; x_wconf 90' lang='lat' dir='ltr'>se</span> <span class='ocrx_word' id='word_1_28' title='bbox 1834 416 2102 500; x_wconf 84' lang='lat' dir='ltr'>gradum</span> <span class='ocrx_word' id='word_1_29' title='bbox 2158 418 2222 480; x_wconf 92' lang='lat' dir='ltr'>in</span> <span class='ocrx_word' id='word_1_30' title='bbox 2268 417 2488 499; x_wconf 86' lang='lat' dir='ltr'><strong>Bithy-</strong></span> <span class='ocrx_word' id='word_1_31' title='bbox 2573 421 2600 467; x_wconf 85' lang='lat'><strong>7</strong></span> 
     </span>
     <span class='ocr_line' id='line_1_4' title="bbox 142 504 2493 586; baseline 0 -18"><span class='ocrx_word' id='word_1_32' title='bbox 142 505 295 568; x_wconf 90' lang='lat' dir='ltr'>niam</span> <span class='ocrx_word' id='word_1_33' title='bbox 336 505 486 584; x_wconf 91' lang='lat' dir='ltr'>fore,</span> <span class='ocrx_word' id='word_1_34' title='bbox 549 504 801 586; x_wconf 91' lang='lat' dir='ltr'>quando</span> <span class='ocrx_word' id='word_1_35' title='bbox 862 505 1180 568; x_wconf 80' lang='lat' dir='ltr'>Eumenes</span> <span class='ocrx_word' id='word_1_36' title='bbox 1225 505 1289 567; x_wconf 92' lang='lat' dir='ltr'>in</span> <span class='ocrx_word' id='word_1_37' title='bbox 1345 504 1766 568; x_wconf 88' lang='lat' dir='ltr'>voluntariam</span> <span class='ocrx_word' id='word_1_38' title='bbox 1828 504 2191 567; x_wconf 87' lang='lat' dir='ltr'>servitutem</span> <span class='ocrx_word' id='word_1_39' title='bbox 2247 524 2493 568; x_wconf 90' lang='lat' dir='ltr'>conces-</span> 
     </span>
     <span class='ocr_line' id='line_1_5' title="bbox 142 590 2605 674; baseline 0 -19"><span class='ocrx_word' id='word_1_40' title='bbox 142 592 317 656; x_wconf 89' lang='lat' dir='ltr'>sisset.</span> <span class='ocrx_word' id='word_1_41' title='bbox 409 591 507 655; x_wconf 92' lang='lat' dir='ltr'>his</span> <span class='ocrx_word' id='word_1_42' title='bbox 553 598 788 656; x_wconf 92' lang='lat' dir='ltr'>motum</span> <span class='ocrx_word' id='word_1_43' title='bbox 835 591 1119 654; x_wconf 86' lang='lat' dir='ltr'>Prusiam</span> <span class='ocrx_word' id='word_1_44' title='bbox 1164 591 1408 654; x_wconf 86' lang='lat' dir='ltr'>litterae</span> <span class='ocrx_word' id='word_1_45' title='bbox 1441 591 1754 674; x_wconf 81' lang='lat' dir='ltr'>Scipionis</span> <span class='ocrx_word' id='word_1_46' title='bbox 1802 590 2093 670; x_wconf 92' lang='lat' dir='ltr'>consulis,</span> <span class='ocrx_word' id='word_1_47' title='bbox 2142 590 2253 654; x_wconf 91' lang='lat' dir='ltr'>sed</span> <span class='ocrx_word' id='word_1_48' title='bbox 2293 592 2496 673; x_wconf 83' lang='lat' dir='ltr'>magis</span> <span class='ocrx_word' id='word_1_49' title='bbox 2574 594 2605 642; x_wconf 86' lang='lat'>8</span> 
     </span>
     <span class='ocr_line' id='line_1_6' title="bbox 90 677 2495 761; baseline 0.001 -24"><span class='ocrx_word' id='word_1_50' title='bbox 90 692 116 737; x_wconf 78' lang='grc'>5</span> <span class='ocrx_word' id='word_1_51' title='bbox 146 678 330 742; x_wconf 86' lang='lat' dir='ltr'>fratris</span> <span class='ocrx_word' id='word_1_52' title='bbox 377 679 512 742; x_wconf 92' lang='lat' dir='ltr'>eius</span> <span class='ocrx_word' id='word_1_53' title='bbox 559 677 861 758; x_wconf 87' lang='lat' dir='ltr'>Africani,</span> <span class='ocrx_word' id='word_1_54' title='bbox 908 678 989 741; x_wconf 95' lang='lat' dir='ltr'>ab</span> <span class='ocrx_word' id='word_1_55' title='bbox 1037 677 1396 761; x_wconf 82' lang='lat' dir='ltr'>suspicione</span> <span class='ocrx_word' id='word_1_56' title='bbox 1441 678 1552 741; x_wconf 91' lang='lat' dir='ltr'>tali</span> <span class='ocrx_word' id='word_1_57' title='bbox 1608 683 2013 760; x_wconf 80' lang='lat' dir='ltr'>averterunt3</span> <span class='ocrx_word' id='word_1_58' title='bbox 2077 677 2181 758; x_wconf 90' lang='lat' dir='ltr'>qui</span> <span class='ocrx_word' id='word_1_59' title='bbox 2245 687 2495 760; x_wconf 89' lang='lat' dir='ltr'>praeter</span> 
     </span>
     <span class='ocr_line' id='line_1_7' title="bbox 151 763 2494 849; baseline 0 -22"><span class='ocrx_word' id='word_1_60' title='bbox 151 764 635 829; x_wconf 85' lang='lat' dir='ltr'>consuetudinem</span> <span class='ocrx_word' id='word_1_61' title='bbox 679 770 1047 849; x_wconf 87' lang='lat' dir='ltr'>perpetuam</span> <span class='ocrx_word' id='word_1_62' title='bbox 1094 764 1307 847; x_wconf 91' lang='lat' dir='ltr'>populi</span> <span class='ocrx_word' id='word_1_63' title='bbox 1361 764 1633 828; x_wconf 86' lang='lat' dir='ltr'>Romani</span> <span class='ocrx_word' id='word_1_64' title='bbox 1690 763 1968 847; x_wconf 82' lang='lat' dir='ltr'>augendi</span> <span class='ocrx_word' id='word_1_65' title='bbox 2029 764 2199 828; x_wconf 91' lang='lat' dir='ltr'>omni</span> <span class='ocrx_word' id='word_1_66' title='bbox 2260 763 2494 828; x_wconf 89' lang='lat' dir='ltr'>honore</span> 
     </span>
     <span class='ocr_line' id='line_1_8' title="bbox 146 850 2493 934; baseline 0 -21"><span class='ocrx_word' id='word_1_67' title='bbox 146 871 334 934; x_wconf 85' lang='lat' dir='ltr'>regum</span> <span class='ocrx_word' id='word_1_68' title='bbox 383 851 696 917; x_wconf 90' lang='lat' dir='ltr'>sociorum</span> <span class='ocrx_word' id='word_1_69' title='bbox 741 851 1156 930; x_wconf 90' lang='lat' dir='ltr'>maiestatem,</span> <span class='ocrx_word' id='word_1_70' title='bbox 1220 850 1582 915; x_wconf 87' lang='lat' dir='ltr'>domesticis</span> <span class='ocrx_word' id='word_1_71' title='bbox 1642 851 1775 934; x_wconf 90' lang='lat' dir='ltr'>ipse</span> <span class='ocrx_word' id='word_1_72' title='bbox 1839 850 2146 933; x_wconf 88' lang='lat' dir='ltr'>exemplis</span> <span class='ocrx_word' id='word_1_73' title='bbox 2207 851 2493 914; x_wconf 87' lang='lat' dir='ltr'>Prusiam</span> 
     </span>
     <span class='ocr_line' id='line_1_9' title="bbox 139 937 2601 1021; baseline 0.001 -21"><span class='ocrx_word' id='word_1_74' title='bbox 139 937 205 1000; x_wconf 89' lang='lat' dir='ltr'>ad</span> <span class='ocrx_word' id='word_1_75' title='bbox 244 938 719 1021; x_wconf 87' lang='lat' dir='ltr'>promerendam</span> <span class='ocrx_word' id='word_1_76' title='bbox 765 937 1106 1001; x_wconf 90' lang='lat' dir='ltr'>amicitiam</span> <span class='ocrx_word' id='word_1_77' title='bbox 1153 956 1332 1000; x_wconf 89' lang='lat' dir='ltr'>suam</span> <span class='ocrx_word' id='word_1_78' title='bbox 1379 937 1712 1020; x_wconf 90' lang='lat' dir='ltr'>compulit:</span> <span class='ocrx_word' id='word_1_79' title='bbox 1774 938 2024 1021; x_wconf 81' lang='lat' dir='ltr'>regulos</span> <span class='ocrx_word' id='word_1_80' title='bbox 2084 957 2152 1001; x_wconf 92' lang='lat' dir='ltr'>se</span> <span class='ocrx_word' id='word_1_81' title='bbox 2197 943 2492 1020; x_wconf 87' lang='lat' dir='ltr'>acceptos</span> <span class='ocrx_word' id='word_1_82' title='bbox 2571 941 2601 987; x_wconf 87' lang='lat'>9</span> 
     </span>
     <span class='ocr_line' id='line_1_10' title="bbox 136 1023 2494 1108; baseline 0 -21"><span class='ocrx_word' id='word_1_83' title='bbox 136 1023 189 1088; x_wconf 90' lang='lat' dir='ltr'>in</span> <span class='ocrx_word' id='word_1_84' title='bbox 228 1024 409 1089; x_wconf 91' lang='lat' dir='ltr'>fidem</span> <span class='ocrx_word' id='word_1_85' title='bbox 454 1025 523 1088; x_wconf 90' lang='lat' dir='ltr'>in</span> <span class='ocrx_word' id='word_1_86' title='bbox 570 1024 880 1108; x_wconf 89' lang='lat' dir='ltr'>Hispania</span> <span class='ocrx_word' id='word_1_87' title='bbox 926 1044 1108 1107; x_wconf 85' lang='lat' dir='ltr'>reges</span> <span class='ocrx_word' id='word_1_88' title='bbox 1154 1023 1514 1107; x_wconf 82' lang='lat' dir='ltr'>reliquisse3</span> <span class='ocrx_word' id='word_1_89' title='bbox 1561 1025 1961 1088; x_wconf 89' lang='lat' dir='ltr'>Masinissam</span> <span class='ocrx_word' id='word_1_90' title='bbox 2007 1044 2134 1087; x_wconf 93' lang='lat' dir='ltr'>non</span> <span class='ocrx_word' id='word_1_91' title='bbox 2181 1024 2246 1086; x_wconf 91' lang='lat' dir='ltr'>in</span> <span class='ocrx_word' id='word_1_92' title='bbox 2288 1025 2494 1107; x_wconf 89' lang='lat' dir='ltr'>patrio</span> 
     </span>
     <span class='ocr_line' id='line_1_11' title="bbox 59 1109 2494 1194; baseline 0.002 -25"><span class='ocrx_word' id='word_1_93' title='bbox 59 1123 105 1169; x_wconf 94' lang='lat'>10</span> <span class='ocrx_word' id='word_1_94' title='bbox 134 1111 295 1176; x_wconf 89' lang='lat' dir='ltr'>modo</span> <span class='ocrx_word' id='word_1_95' title='bbox 337 1113 582 1176; x_wconf 87' lang='lat' dir='ltr'>locasse</span> <span class='ocrx_word' id='word_1_96' title='bbox 628 1131 841 1194; x_wconf 81' lang='lat' dir='ltr'>regnO,</span> <span class='ocrx_word' id='word_1_97' title='bbox 890 1109 1003 1176; x_wconf 90' lang='lat' dir='ltr'>sed</span> <span class='ocrx_word' id='word_1_98' title='bbox 1047 1111 1114 1174; x_wconf 90' lang='lat' dir='ltr'>in</span> <span class='ocrx_word' id='word_1_99' title='bbox 1160 1109 1494 1193; x_wconf 81' lang='lat' dir='ltr'>SyphaciS,</span> <span class='ocrx_word' id='word_1_100' title='bbox 1543 1131 1583 1174; x_wconf 90' lang='lat' dir='ltr'>a</span> <span class='ocrx_word' id='word_1_101' title='bbox 1629 1131 1750 1192; x_wconf 93' lang='lat' dir='ltr'>quo</span> <span class='ocrx_word' id='word_1_102' title='bbox 1797 1118 1946 1175; x_wconf 89' lang='lat' dir='ltr'>ante</span> <span class='ocrx_word' id='word_1_103' title='bbox 1993 1110 2296 1194; x_wconf 84' lang='lat' dir='ltr'>expulsus</span> <span class='ocrx_word' id='word_1_104' title='bbox 2342 1110 2494 1174; x_wconf 92' lang='lat' dir='ltr'>fuis-</span> 
     </span>
     <span class='ocr_line' id='line_1_12' title="bbox 134 1196 2601 1282; baseline -0.001 -20"><span class='ocrx_word' id='word_1_105' title='bbox 134 1206 229 1277; x_wconf 87' lang='lat' dir='ltr'>set,</span> <span class='ocrx_word' id='word_1_106' title='bbox 271 1219 534 1282; x_wconf 83' lang='lat' dir='ltr'>regnum</span> <span class='ocrx_word' id='word_1_107' title='bbox 577 1198 986 1282; x_wconf 81' lang='lat' dir='ltr'>imposuisse3</span> <span class='ocrx_word' id='word_1_108' title='bbox 1035 1204 1097 1261; x_wconf 91' lang='lat' dir='ltr'>et</span> <span class='ocrx_word' id='word_1_109' title='bbox 1142 1216 1280 1261; x_wconf 91' lang='lat' dir='ltr'>esse</span> <span class='ocrx_word' id='word_1_110' title='bbox 1329 1217 1473 1260; x_wconf 92' lang='lat' dir='ltr'>eum</span> <span class='ocrx_word' id='word_1_111' title='bbox 1534 1218 1658 1261; x_wconf 92' lang='lat' dir='ltr'>non</span> <span class='ocrx_word' id='word_1_112' title='bbox 1705 1197 1960 1261; x_wconf 88' lang='lat' dir='ltr'>Africae</span> <span class='ocrx_word' id='word_1_113' title='bbox 2021 1196 2205 1260; x_wconf 90' lang='lat' dir='ltr'>modo</span> <span class='ocrx_word' id='word_1_114' title='bbox 2267 1217 2488 1280; x_wconf 82' lang='lat' dir='ltr'>regum</span> <span class='ocrx_word' id='word_1_115' title='bbox 2537 1200 2601 1247; x_wconf 91' lang='lat'>10</span> 
     </span>
     <span class='ocr_line' id='line_1_13' title="bbox 132 1283 2488 1369; baseline 0 -22"><span class='ocrx_word' id='word_1_116' title='bbox 132 1285 293 1369; x_wconf 83' lang='lat' dir='ltr'>longe</span> <span class='ocrx_word' id='word_1_117' title='bbox 337 1285 901 1369; x_wconf 90' lang='lat' dir='ltr'>opulentissimum,</span> <span class='ocrx_word' id='word_1_118' title='bbox 963 1283 1074 1348; x_wconf 91' lang='lat' dir='ltr'>sed</span> <span class='ocrx_word' id='word_1_119' title='bbox 1139 1290 1268 1348; x_wconf 90' lang='lat' dir='ltr'>toto</span> <span class='ocrx_word' id='word_1_120' title='bbox 1329 1283 1394 1347; x_wconf 91' lang='lat' dir='ltr'>in</span> <span class='ocrx_word' id='word_1_121' title='bbox 1441 1285 1592 1348; x_wconf 91' lang='lat' dir='ltr'>orbe</span> <span class='ocrx_word' id='word_1_122' title='bbox 1638 1291 1942 1347; x_wconf 90' lang='lat' dir='ltr'>terrarum</span> <span class='ocrx_word' id='word_1_123' title='bbox 2006 1284 2205 1347; x_wconf 87' lang='lat' dir='ltr'>cuivis</span> <span class='ocrx_word' id='word_1_124' title='bbox 2266 1304 2488 1366; x_wconf 83' lang='lat' dir='ltr'>regum</span> 
     </span>
     <span class='ocr_line' id='line_1_14' title="bbox 131 1369 2591 1454; baseline 0 -21"><span class='ocrx_word' id='word_1_125' title='bbox 131 1372 218 1436; x_wconf 87' lang='lat' dir='ltr'>vel</span> <span class='ocrx_word' id='word_1_126' title='bbox 255 1373 579 1436; x_wconf 85' lang='lat' dir='ltr'>maiestate</span> <span class='ocrx_word' id='word_1_127' title='bbox 624 1371 728 1436; x_wconf 87' lang='lat' dir='ltr'>vel</span> <span class='ocrx_word' id='word_1_128' title='bbox 772 1371 1010 1435; x_wconf 84' lang='lat' dir='ltr'>viribus</span> <span class='ocrx_word' id='word_1_129' title='bbox 1056 1391 1312 1454; x_wconf 82' lang='lat' dir='ltr'>parem3</span> <span class='ocrx_word' id='word_1_130' title='bbox 1362 1369 1720 1454; x_wconf 91' lang='lat' dir='ltr'>Philippum</span> <span class='ocrx_word' id='word_1_131' title='bbox 1768 1378 1831 1434; x_wconf 92' lang='lat' dir='ltr'>et</span> <span class='ocrx_word' id='word_1_132' title='bbox 1875 1370 2127 1449; x_wconf 87' lang='lat' dir='ltr'>Nabim,</span> <span class='ocrx_word' id='word_1_133' title='bbox 2177 1369 2391 1434; x_wconf 93' lang='lat' dir='ltr'>hostes</span> <span class='ocrx_word' id='word_1_134' title='bbox 2424 1376 2488 1434; x_wconf 88' lang='lat' dir='ltr'>et</span> <span class='ocrx_word' id='word_1_135' title='bbox 2529 1373 2591 1419; x_wconf 86' lang='lat'>11</span> 
     </span>
     <span class='ocr_line' id='line_1_15' title="bbox 132 1455 2594 1542; baseline -0 -21"><span class='ocrx_word' id='word_1_136' title='bbox 132 1457 272 1524; x_wconf 89' lang='lat' dir='ltr'>bello</span> <span class='ocrx_word' id='word_1_137' title='bbox 316 1465 643 1542; x_wconf 90' lang='lat' dir='ltr'>superatos</span> <span class='ocrx_word' id='word_1_138' title='bbox 688 1459 768 1522; x_wconf 90' lang='lat' dir='ltr'>ab</span> <span class='ocrx_word' id='word_1_139' title='bbox 814 1459 886 1520; x_wconf 88' lang='grc' dir='ltr'>Τ.</span> <span class='ocrx_word' id='word_1_140' title='bbox 923 1457 1236 1537; x_wconf 77' lang='lat' dir='ltr'>Quinctio,</span> <span class='ocrx_word' id='word_1_141' title='bbox 1284 1464 1497 1521; x_wconf 91' lang='lat' dir='ltr'>tamen</span> <span class='ocrx_word' id='word_1_142' title='bbox 1530 1457 1594 1519; x_wconf 92' lang='lat' dir='ltr'>in</span> <span class='ocrx_word' id='word_1_143' title='bbox 1625 1477 1818 1540; x_wconf 82' lang='lat' dir='ltr'>regno</span> <span class='ocrx_word' id='word_1_144' title='bbox 1849 1457 2117 1521; x_wconf 91' lang='lat' dir='ltr'>relictos.</span> <span class='ocrx_word' id='word_1_145' title='bbox 2195 1455 2488 1540; x_wconf 91' lang='lat' dir='ltr'>Philippo</span> <span class='ocrx_word' id='word_1_146' title='bbox 2533 1459 2594 1506; x_wconf 82' lang='lat'>12</span> 
     </span>
     <span class='ocr_line' id='line_1_16' title="bbox 59 1542 2492 1628; baseline -0.001 -20"><span class='ocrx_word' id='word_1_147' title='bbox 59 1556 106 1601; x_wconf 84' lang='lat'>15</span> <span class='ocrx_word' id='word_1_148' title='bbox 135 1545 358 1626; x_wconf 90' lang='lat' dir='ltr'>quidem</span> <span class='ocrx_word' id='word_1_149' title='bbox 402 1565 573 1610; x_wconf 88' lang='lat' dir='ltr'>anno</span> <span class='ocrx_word' id='word_1_150' title='bbox 618 1545 824 1628; x_wconf 91' lang='lat' dir='ltr'>priore</span> <span class='ocrx_word' id='word_1_151' title='bbox 869 1545 1060 1609; x_wconf 90' lang='lat' dir='ltr'>etiam</span> <span class='ocrx_word' id='word_1_152' title='bbox 1091 1543 1476 1627; x_wconf 88' lang='lat' dir='ltr'>stipendium</span> <span class='ocrx_word' id='word_1_153' title='bbox 1519 1543 1849 1608; x_wconf 90' lang='lat' dir='ltr'>remissum</span> <span class='ocrx_word' id='word_1_154' title='bbox 1881 1550 1944 1623; x_wconf 88' lang='lat' dir='ltr'>et</span> <span class='ocrx_word' id='word_1_155' title='bbox 1974 1543 2172 1606; x_wconf 92' lang='lat' dir='ltr'>filium</span> <span class='ocrx_word' id='word_1_156' title='bbox 2204 1542 2492 1608; x_wconf 91' lang='lat' dir='ltr'>obsidem</span> 
     </span>
     <span class='ocr_line' id='line_1_17' title="bbox 136 1629 2494 1716; baseline 0 -22"><span class='ocrx_word' id='word_1_157' title='bbox 136 1632 452 1716; x_wconf 82' lang='lat' dir='ltr'>redditum3</span> <span class='ocrx_word' id='word_1_158' title='bbox 526 1639 591 1696; x_wconf 93' lang='lat' dir='ltr'>et</span> <span class='ocrx_word' id='word_1_159' title='bbox 648 1630 955 1713; x_wconf 91' lang='lat' dir='ltr'>quasdam</span> <span class='ocrx_word' id='word_1_160' title='bbox 1011 1631 1298 1695; x_wconf 89' lang='lat' dir='ltr'>civitates</span> <span class='ocrx_word' id='word_1_161' title='bbox 1359 1637 1540 1693; x_wconf 83' lang='lat' dir='ltr'>extra</span> <span class='ocrx_word' id='word_1_162' title='bbox 1606 1629 2041 1695; x_wconf 89' lang='lat' dir='ltr'>Macedoniam</span> <span class='ocrx_word' id='word_1_163' title='bbox 2109 1629 2494 1713; x_wconf 89' lang='lat' dir='ltr'>patientibus</span> 
     </span>
     <span class='ocr_line' id='line_1_18' title="bbox 139 1716 2491 1802; baseline 0 -21"><span class='ocrx_word' id='word_1_164' title='bbox 139 1719 407 1785; x_wconf 83' lang='lat' dir='ltr'>Romanis</span> <span class='ocrx_word' id='word_1_165' title='bbox 463 1718 950 1802; x_wconf 87' lang='lat' dir='ltr'>imperatoribus</span> <span class='ocrx_word' id='word_1_166' title='bbox 1009 1718 1321 1801; x_wconf 89' lang='lat' dir='ltr'>recepisse</span> <span class='ocrx_word' id='word_1_167' title='bbox 1383 1737 1547 1781; x_wconf 94' lang='lat' dir='ltr'>eum.</span> <span class='ocrx_word' id='word_1_168' title='bbox 1639 1717 1705 1780; x_wconf 94' lang='lat' dir='ltr'>in</span> <span class='ocrx_word' id='word_1_169' title='bbox 1770 1717 1993 1781; x_wconf 90' lang='lat' dir='ltr'>eadem</span> <span class='ocrx_word' id='word_1_170' title='bbox 2056 1716 2365 1800; x_wconf 86' lang='lat' dir='ltr'>dignitate</span> <span class='ocrx_word' id='word_1_171' title='bbox 2427 1724 2491 1781; x_wconf 91' lang='lat' dir='ltr'>et</span> 
     </span>
     <span class='ocr_line' id='line_1_19' title="bbox 145 1802 2493 1888; baseline 0 -21"><span class='ocrx_word' id='word_1_172' title='bbox 145 1805 338 1870; x_wconf 85' lang='lat' dir='ltr'>Nabim</span> <span class='ocrx_word' id='word_1_173' title='bbox 383 1806 667 1870; x_wconf 89' lang='lat' dir='ltr'>futurum</span> <span class='ocrx_word' id='word_1_174' title='bbox 711 1804 925 1884; x_wconf 89' lang='lat' dir='ltr'>fuisse,</span> <span class='ocrx_word' id='word_1_175' title='bbox 973 1804 1095 1868; x_wconf 92' lang='lat' dir='ltr'>nisi</span> <span class='ocrx_word' id='word_1_176' title='bbox 1142 1824 1285 1868; x_wconf 92' lang='lat' dir='ltr'>eum</span> <span class='ocrx_word' id='word_1_177' title='bbox 1333 1824 1484 1868; x_wconf 90' lang='lat' dir='ltr'>suus</span> <span class='ocrx_word' id='word_1_178' title='bbox 1527 1804 1798 1888; x_wconf 90' lang='lat' dir='ltr'>primum</span> <span class='ocrx_word' id='word_1_179' title='bbox 1830 1804 2019 1883; x_wconf 90' lang='lat' dir='ltr'>furor,</span> <span class='ocrx_word' id='word_1_180' title='bbox 2053 1802 2285 1868; x_wconf 92' lang='lat' dir='ltr'>deinde</span> <span class='ocrx_word' id='word_1_181' title='bbox 2317 1803 2493 1868; x_wconf 86' lang='lat' dir='ltr'>fraus</span> 
     </span>
     <span class='ocr_line' id='line_1_20' title="bbox 145 1889 2595 1975; baseline -0 -22"><span class='ocrx_word' id='word_1_182' title='bbox 145 1892 467 1957; x_wconf 83' lang='lat' dir='ltr'>Aetolorum</span> <span class='ocrx_word' id='word_1_183' title='bbox 517 1892 992 1975; x_wconf 87' lang='lat' dir='ltr'>absumpsisset.</span> <span class='ocrx_word' id='word_1_184' title='bbox 1084 1890 1361 1954; x_wconf 86' lang='lat' dir='ltr'>maxime</span> <span class='ocrx_word' id='word_1_185' title='bbox 1408 1890 1810 1955; x_wconf 89' lang='lat' dir='ltr'>confirmatus</span> <span class='ocrx_word' id='word_1_186' title='bbox 1856 1897 1951 1954; x_wconf 91' lang='lat' dir='ltr'>est</span> <span class='ocrx_word' id='word_1_187' title='bbox 1994 1891 2245 1954; x_wconf 89' lang='lat' dir='ltr'>animus</span> <span class='ocrx_word' id='word_1_188' title='bbox 2300 1889 2488 1973; x_wconf 82' lang='lat' dir='ltr'>regis,</span> <span class='ocrx_word' id='word_1_189' title='bbox 2534 1893 2595 1938; x_wconf 86' lang='lat'>13</span> 
     </span>
     <span class='ocr_line' id='line_1_21' title="bbox 66 1975 2491 2062; baseline -0.002 -20"><span class='ocrx_word' id='word_1_190' title='bbox 66 1985 113 2033; x_wconf 77' lang='lat'>20</span> <span class='ocrx_word' id='word_1_191' title='bbox 138 1988 438 2062; x_wconf 83' lang='lat' dir='ltr'>postquam</span> <span class='ocrx_word' id='word_1_192' title='bbox 485 1977 573 2042; x_wconf 91' lang='lat' dir='ltr'>ad</span> <span class='ocrx_word' id='word_1_193' title='bbox 620 1999 761 2042; x_wconf 92' lang='lat' dir='ltr'>eum</span> <span class='ocrx_word' id='word_1_194' title='bbox 809 1978 877 2042; x_wconf 86' lang='lat' dir='ltr'>C.</span> <span class='ocrx_word' id='word_1_195' title='bbox 912 1978 1151 2057; x_wconf 89' lang='lat' dir='ltr'>Livius,</span> <span class='ocrx_word' id='word_1_196' title='bbox 1200 1978 1306 2059; x_wconf 90' lang='lat' dir='ltr'>qui</span> <span class='ocrx_word' id='word_1_197' title='bbox 1366 1984 1618 2060; x_wconf 88' lang='lat' dir='ltr'>praetor</span> <span class='ocrx_word' id='word_1_198' title='bbox 1660 1983 1810 2041; x_wconf 90' lang='lat' dir='ltr'>ante</span> <span class='ocrx_word' id='word_1_199' title='bbox 1865 1976 2049 2041; x_wconf 89' lang='lat' dir='ltr'>classi</span> <span class='ocrx_word' id='word_1_200' title='bbox 2110 1975 2491 2059; x_wconf 85' lang='lat' dir='ltr'>praefuerat,</span> 
     </span>
     <span class='ocr_line' id='line_1_22' title="bbox 137 2063 2593 2148; baseline -0 -22"><span class='ocrx_word' id='word_1_201' title='bbox 137 2064 351 2148; x_wconf 83' lang='lat' dir='ltr'>legatus</span> <span class='ocrx_word' id='word_1_202' title='bbox 395 2068 479 2132; x_wconf 91' lang='lat' dir='ltr'>ab</span> <span class='ocrx_word' id='word_1_203' title='bbox 531 2067 731 2129; x_wconf 90' lang='lat' dir='ltr'>Roma</span> <span class='ocrx_word' id='word_1_204' title='bbox 776 2064 950 2128; x_wconf 90' lang='lat' dir='ltr'>venit</span> <span class='ocrx_word' id='word_1_205' title='bbox 996 2070 1058 2127; x_wconf 90' lang='lat' dir='ltr'>et</span> <span class='ocrx_word' id='word_1_206' title='bbox 1089 2063 1356 2144; x_wconf 90' lang='lat' dir='ltr'>edocuit,</span> <span class='ocrx_word' id='word_1_207' title='bbox 1392 2070 1627 2146; x_wconf 89' lang='lat' dir='ltr'>quanto</span> <span class='ocrx_word' id='word_1_208' title='bbox 1658 2070 1722 2128; x_wconf 92' lang='lat' dir='ltr'>et</span> <span class='ocrx_word' id='word_1_209' title='bbox 1752 2084 1899 2148; x_wconf 90' lang='lat' dir='ltr'>spes</span> <span class='ocrx_word' id='word_1_210' title='bbox 1930 2064 2225 2127; x_wconf 89' lang='lat' dir='ltr'>victoriae</span> <span class='ocrx_word' id='word_1_211' title='bbox 2260 2063 2483 2126; x_wconf 90' lang='lat' dir='ltr'>certior</span> <span class='ocrx_word' id='word_1_212' title='bbox 2523 2066 2593 2112; x_wconf 89' lang='lat'>14</span> 
     </span>
     <span class='ocr_line' id='line_1_23' title="bbox 137 2149 2494 2235; baseline -0.001 -20"><span class='ocrx_word' id='word_1_213' title='bbox 137 2152 406 2219; x_wconf 89' lang='lat' dir='ltr'>Romanis</span> <span class='ocrx_word' id='word_1_214' title='bbox 467 2174 663 2235; x_wconf 89' lang='lat' dir='ltr'>quam</span> <span class='ocrx_word' id='word_1_215' title='bbox 723 2150 1034 2216; x_wconf 90' lang='lat' dir='ltr'>Antiocho</span> <span class='ocrx_word' id='word_1_216' title='bbox 1096 2157 1157 2215; x_wconf 93' lang='lat' dir='ltr'>et</span> <span class='ocrx_word' id='word_1_217' title='bbox 1215 2152 1496 2215; x_wconf 85' lang='lat' dir='ltr'>amicitia</span> <span class='ocrx_word' id='word_1_218' title='bbox 1554 2152 1828 2215; x_wconf 89' lang='lat' dir='ltr'>sanctior</span> <span class='ocrx_word' id='word_1_219' title='bbox 1893 2151 2252 2231; x_wconf 88' lang='lat' dir='ltr'>firmiorque</span> <span class='ocrx_word' id='word_1_220' title='bbox 2320 2149 2494 2233; x_wconf 88' lang='lat' dir='ltr'>apud</span> 
     </span>
     <span class='ocr_line' id='line_1_24' title="bbox 138 2239 923 2306; baseline 0.001 -5"><span class='ocrx_word' id='word_1_221' title='bbox 138 2239 428 2306; x_wconf 86' lang='lat' dir='ltr'>Romanos</span> <span class='ocrx_word' id='word_1_222' title='bbox 476 2240 695 2303; x_wconf 89' lang='lat' dir='ltr'>futura</span> <span class='ocrx_word' id='word_1_223' title='bbox 740 2245 923 2303; x_wconf 92' lang='lat' dir='ltr'>esset.</span> 
     </span>
     <span class='ocr_line' id='line_1_25' title="bbox 315 2320 2596 2409; baseline -0.003 -17"><span class='ocrx_word' id='word_1_224' title='bbox 315 2328 555 2391; x_wconf 89' lang='lat' dir='ltr'>XXVI.</span> <span class='ocrx_word' id='word_1_225' title='bbox 605 2325 953 2389; x_wconf 87' lang='lat' dir='ltr'>Antiochus</span> <span class='ocrx_word' id='word_1_226' title='bbox 998 2331 1333 2409; x_wconf 90' lang='lat' dir='ltr'>postquam</span> <span class='ocrx_word' id='word_1_227' title='bbox 1395 2345 1433 2387; x_wconf 91' lang='lat' dir='ltr'>a</span> <span class='ocrx_word' id='word_1_228' title='bbox 1480 2344 1593 2407; x_wconf 91' lang='lat' dir='ltr'>spe</span> <span class='ocrx_word' id='word_1_229' title='bbox 1639 2323 1956 2388; x_wconf 90' lang='lat' dir='ltr'>societatis</span> <span class='ocrx_word' id='word_1_230' title='bbox 2017 2323 2278 2386; x_wconf 90' lang='lat' dir='ltr'>Prusiae</span> <span class='ocrx_word' id='word_1_231' title='bbox 2337 2320 2498 2386; x_wconf 90' lang='lat' dir='ltr'>deci·</span> <span class='ocrx_word' id='word_1_232' title='bbox 2575 2328 2596 2372; x_wconf 92' lang='lat'>1</span> 
     </span>
     <span class='ocr_line' id='line_1_26' title="bbox 66 2409 2501 2499; baseline 0 -27"><span class='ocrx_word' id='word_1_233' title='bbox 66 2414 111 2463; x_wconf 78' lang='lat'>25</span> <span class='ocrx_word' id='word_1_234' title='bbox 140 2409 231 2492; x_wconf 90' lang='lat' dir='ltr'>dit,</span> <span class='ocrx_word' id='word_1_235' title='bbox 273 2414 593 2499; x_wconf 88' lang='lat' dir='ltr'>Ephesum</span> <span class='ocrx_word' id='word_1_236' title='bbox 638 2413 719 2476; x_wconf 94' lang='lat' dir='ltr'>ab</span> <span class='ocrx_word' id='word_1_237' title='bbox 767 2411 1072 2477; x_wconf 84' lang='lat' dir='ltr'>Sardibus</span> <span class='ocrx_word' id='word_1_238' title='bbox 1134 2417 1231 2475; x_wconf 93' lang='lat' dir='ltr'>est</span> <span class='ocrx_word' id='word_1_239' title='bbox 1288 2410 1610 2494; x_wconf 86' lang='lat' dir='ltr'>profectus</span> <span class='ocrx_word' id='word_1_240' title='bbox 1668 2410 1752 2474; x_wconf 90' lang='lat' dir='ltr'>ad</span> <span class='ocrx_word' id='word_1_241' title='bbox 1812 2410 2097 2488; x_wconf 91' lang='lat' dir='ltr'>classem,</span> <span class='ocrx_word' id='word_1_242' title='bbox 2164 2429 2324 2490; x_wconf 90' lang='lat' dir='ltr'>quae</span> <span class='ocrx_word' id='word_1_243' title='bbox 2384 2430 2501 2491; x_wconf 92' lang='lat' dir='ltr'>per</span> 
     </span>
     <span class='ocr_line' id='line_1_27' title="bbox 140 2496 2601 2581; baseline -0.001 -22"><span class='ocrx_word' id='word_1_244' title='bbox 140 2497 348 2580; x_wconf 88' lang='lat' dir='ltr'>aliquot</span> <span class='ocrx_word' id='word_1_245' title='bbox 391 2519 647 2564; x_wconf 91' lang='lat' dir='ltr'>menses</span> <span class='ocrx_word' id='word_1_246' title='bbox 692 2500 995 2562; x_wconf 88' lang='lat' dir='ltr'>instructa</span> <span class='ocrx_word' id='word_1_247' title='bbox 1040 2518 1116 2560; x_wconf 91' lang='lat' dir='ltr'>ac</span> <span class='ocrx_word' id='word_1_248' title='bbox 1162 2505 1382 2581; x_wconf 91' lang='lat' dir='ltr'>parata</span> <span class='ocrx_word' id='word_1_249' title='bbox 1427 2497 1652 2576; x_wconf 88' lang='lat' dir='ltr'>fuerat,</span> <span class='ocrx_word' id='word_1_250' title='bbox 1698 2496 2049 2575; x_wconf 89' lang='lat' dir='ltr'>visendam,</span> <span class='ocrx_word' id='word_1_251' title='bbox 2097 2496 2301 2579; x_wconf 84' lang='lat' dir='ltr'>magis</span> <span class='ocrx_word' id='word_1_252' title='bbox 2349 2496 2499 2576; x_wconf 89' lang='lat' dir='ltr'>quia</span> <span class='ocrx_word' id='word_1_253' title='bbox 2572 2501 2601 2545; x_wconf 81' lang='lat'><strong>2</strong></span> 
     </span>
     <span class='ocr_line' id='line_1_28' title="bbox 140 2582 2499 2669; baseline 0 -24"><span class='ocrx_word' id='word_1_254' title='bbox 140 2588 515 2651; x_wconf 88' lang='lat' dir='ltr'>terrestribus</span> <span class='ocrx_word' id='word_1_255' title='bbox 561 2586 756 2669; x_wconf 93' lang='lat' dir='ltr'>copiis</span> <span class='ocrx_word' id='word_1_256' title='bbox 803 2584 1146 2649; x_wconf 86' lang='lat' dir='ltr'>exercitum</span> <span class='ocrx_word' id='word_1_257' title='bbox 1194 2585 1547 2647; x_wconf 84' lang='lat' dir='ltr'>Romanum</span> <span class='ocrx_word' id='word_1_258' title='bbox 1594 2591 1656 2647; x_wconf 91' lang='lat' dir='ltr'>et</span> <span class='ocrx_word' id='word_1_259' title='bbox 1712 2583 1867 2647; x_wconf 90' lang='lat' dir='ltr'>duos</span> <span class='ocrx_word' id='word_1_260' title='bbox 1913 2582 2243 2666; x_wconf 84' lang='lat' dir='ltr'>Scipiones</span> <span class='ocrx_word' id='word_1_261' title='bbox 2306 2582 2499 2666; x_wconf 91' lang='lat' dir='ltr'>impe-</span> 
     </span>
     <span class='ocr_line' id='line_1_29' title="bbox 140 2669 2498 2754; baseline 0 -23"><span class='ocrx_word' id='word_1_262' title='bbox 140 2679 351 2738; x_wconf 88' lang='lat' dir='ltr'>ratores</span> <span class='ocrx_word' id='word_1_263' title='bbox 396 2672 660 2738; x_wconf 88' lang='lat' dir='ltr'>videbat</span> <span class='ocrx_word' id='word_1_264' title='bbox 704 2671 997 2736; x_wconf 90' lang='lat' dir='ltr'>sustineri</span> <span class='ocrx_word' id='word_1_265' title='bbox 1044 2691 1168 2734; x_wconf 93' lang='lat' dir='ltr'>non</span> <span class='ocrx_word' id='word_1_266' title='bbox 1214 2691 1419 2754; x_wconf 88' lang='lat' dir='ltr'>posse,</span> <span class='ocrx_word' id='word_1_267' title='bbox 1470 2691 1658 2751; x_wconf 90' lang='lat' dir='ltr'>quam</span> <span class='ocrx_word' id='word_1_268' title='bbox 1705 2670 1872 2752; x_wconf 92' lang='lat' dir='ltr'>quod</span> <span class='ocrx_word' id='word_1_269' title='bbox 1916 2689 2017 2734; x_wconf 89' lang='lat' dir='ltr'>res</span> <span class='ocrx_word' id='word_1_270' title='bbox 2061 2669 2310 2732; x_wconf 89' lang='lat' dir='ltr'>navalis</span> <span class='ocrx_word' id='word_1_271' title='bbox 2356 2669 2498 2752; x_wconf 89' lang='lat' dir='ltr'>ipsa</span> 
     </span>
     <span class='ocr_line' id='line_1_30' title="bbox 142 2757 2500 2842; baseline -0.001 -21"><span class='ocrx_word' id='word_1_272' title='bbox 142 2776 235 2838; x_wconf 87' lang='lat' dir='ltr'>per</span> <span class='ocrx_word' id='word_1_273' title='bbox 276 2780 340 2824; x_wconf 92' lang='lat' dir='ltr'>se</span> <span class='ocrx_word' id='word_1_274' title='bbox 385 2765 500 2824; x_wconf 91' lang='lat' dir='ltr'>aut</span> <span class='ocrx_word' id='word_1_275' title='bbox 545 2765 852 2842; x_wconf 89' lang='lat' dir='ltr'>temptata</span> <span class='ocrx_word' id='word_1_276' title='bbox 897 2757 1016 2821; x_wconf 91' lang='lat' dir='ltr'>sibi</span> <span class='ocrx_word' id='word_1_277' title='bbox 1062 2777 1361 2839; x_wconf 89' lang='lat' dir='ltr'>umquam</span> <span class='ocrx_word' id='word_1_278' title='bbox 1422 2757 1689 2822; x_wconf 88' lang='lat' dir='ltr'>feliciter</span> <span class='ocrx_word' id='word_1_279' title='bbox 1745 2763 1856 2821; x_wconf 92' lang='lat' dir='ltr'>aut</span> <span class='ocrx_word' id='word_1_280' title='bbox 1915 2764 2064 2819; x_wconf 91' lang='lat' dir='ltr'>tunc</span> <span class='ocrx_word' id='word_1_281' title='bbox 2118 2776 2389 2839; x_wconf 81' lang='lat' dir='ltr'>magnae</span> <span class='ocrx_word' id='word_1_282' title='bbox 2438 2762 2500 2820; x_wconf 91' lang='lat' dir='ltr'>et</span> 
     </span>
     <span class='ocr_line' id='line_1_31' title="bbox 70 2842 2601 2925; baseline -0 -19"><span class='ocrx_word' id='word_1_283' title='bbox 70 2845 115 2894; x_wconf 85' lang='lat'>30</span> <span class='ocrx_word' id='word_1_284' title='bbox 144 2852 326 2911; x_wconf 84' lang='lat' dir='ltr'>certae</span> <span class='ocrx_word' id='word_1_285' title='bbox 370 2846 645 2910; x_wconf 90' lang='lat' dir='ltr'>fiduciae</span> <span class='ocrx_word' id='word_1_286' title='bbox 691 2851 872 2909; x_wconf 90' lang='lat' dir='ltr'>esset.</span> <span class='ocrx_word' id='word_1_287' title='bbox 965 2850 1099 2908; x_wconf 89' lang='lat' dir='ltr'>erat</span> <span class='ocrx_word' id='word_1_288' title='bbox 1144 2850 1356 2907; x_wconf 90' lang='lat' dir='ltr'>tamen</span> <span class='ocrx_word' id='word_1_289' title='bbox 1402 2851 1788 2909; x_wconf 89' lang='lat' dir='ltr'>momentum</span> <span class='ocrx_word' id='word_1_290' title='bbox 1838 2844 1901 2906; x_wconf 92' lang='lat' dir='ltr'>in</span> <span class='ocrx_word' id='word_1_291' title='bbox 1947 2842 2307 2925; x_wconf 89' lang='lat' dir='ltr'>praesentia</span> <span class='ocrx_word' id='word_1_292' title='bbox 2339 2842 2494 2925; x_wconf 92' lang='lat' dir='ltr'>spei,</span> <span class='ocrx_word' id='word_1_293' title='bbox 2571 2847 2601 2893; x_wconf 84' lang='lat'><strong>3</strong></span> 
     </span>
     <span class='ocr_line' id='line_1_32' title="bbox 143 2930 2495 3015; baseline -0 -22"><span class='ocrx_word' id='word_1_294' title='bbox 143 2932 286 3010; x_wconf 91' lang='lat' dir='ltr'>quod</span> <span class='ocrx_word' id='word_1_295' title='bbox 331 2941 392 2998; x_wconf 91' lang='lat' dir='ltr'>et</span> <span class='ocrx_word' id='word_1_296' title='bbox 438 2952 736 3015; x_wconf 83' lang='lat' dir='ltr'>magnam</span> <span class='ocrx_word' id='word_1_297' title='bbox 797 2937 1038 3015; x_wconf 90' lang='lat' dir='ltr'>partem</span> <span class='ocrx_word' id='word_1_298' title='bbox 1094 2930 1379 2995; x_wconf 90' lang='lat' dir='ltr'>Rhodiae</span> <span class='ocrx_word' id='word_1_299' title='bbox 1441 2931 1657 2996; x_wconf 88' lang='lat' dir='ltr'>classis</span> <span class='ocrx_word' id='word_1_300' title='bbox 1718 2931 1883 2995; x_wconf 91' lang='lat' dir='ltr'>circa</span> <span class='ocrx_word' id='word_1_301' title='bbox 1938 2930 2173 2993; x_wconf 88' lang='lat' dir='ltr'>Patara</span> <span class='ocrx_word' id='word_1_302' title='bbox 2234 2949 2370 2993; x_wconf 91' lang='lat' dir='ltr'>esse</span> <span class='ocrx_word' id='word_1_303' title='bbox 2432 2937 2495 2992; x_wconf 91' lang='lat' dir='ltr'>et</span> 
     </span>
     <span class='ocr_line' id='line_1_33' title="bbox 140 3014 2497 3101; baseline -0.001 -22"><span class='ocrx_word' id='word_1_304' title='bbox 140 3014 444 3085; x_wconf 88' lang='lat' dir='ltr'>Eumenen</span> <span class='ocrx_word' id='word_1_305' title='bbox 507 3038 721 3101; x_wconf 84' lang='lat' dir='ltr'>regem</span> <span class='ocrx_word' id='word_1_306' title='bbox 784 3038 924 3081; x_wconf 91' lang='lat' dir='ltr'>cum</span> <span class='ocrx_word' id='word_1_307' title='bbox 986 3018 1276 3081; x_wconf 88' lang='lat' dir='ltr'>omnibus</span> <span class='ocrx_word' id='word_1_308' title='bbox 1336 3018 1605 3082; x_wconf 86' lang='lat' dir='ltr'>navibus</span> <span class='ocrx_word' id='word_1_309' title='bbox 1665 3018 1793 3083; x_wconf 91' lang='lat' dir='ltr'>suis</span> <span class='ocrx_word' id='word_1_310' title='bbox 1839 3016 2077 3080; x_wconf 90' lang='lat' dir='ltr'>consuli</span> <span class='ocrx_word' id='word_1_311' title='bbox 2138 3017 2389 3080; x_wconf 90' lang='lat' dir='ltr'>obviam</span> <span class='ocrx_word' id='word_1_312' title='bbox 2434 3015 2497 3077; x_wconf 90' lang='lat' dir='ltr'>in</span> 
     </span>
     <span class='ocr_line' id='line_1_34' title="bbox 141 3102 2600 3190; baseline -0 -25"><span class='ocrx_word' id='word_1_313' title='bbox 141 3102 598 3190; x_wconf 90' lang='lat' dir='ltr'>Hellespontum</span> <span class='ocrx_word' id='word_1_314' title='bbox 642 3103 993 3189; x_wconf 89' lang='lat' dir='ltr'>profectum</span> <span class='ocrx_word' id='word_1_315' title='bbox 1037 3103 1357 3185; x_wconf 81' lang='lat' dir='ltr'>audierat3</span> <span class='ocrx_word' id='word_1_316' title='bbox 1404 3104 1643 3185; x_wconf 90' lang='lat' dir='ltr'>aliquid</span> <span class='ocrx_word' id='word_1_317' title='bbox 1689 3104 1877 3168; x_wconf 90' lang='lat' dir='ltr'>etiam</span> <span class='ocrx_word' id='word_1_318' title='bbox 1924 3102 2188 3166; x_wconf 88' lang='lat' dir='ltr'>inflabat</span> <span class='ocrx_word' id='word_1_319' title='bbox 2247 3102 2493 3165; x_wconf 89' lang='lat' dir='ltr'>animos</span> <span class='ocrx_word' id='word_1_320' title='bbox 2570 3108 2600 3152; x_wconf 83' lang='lat'>4</span> 
     </span>
     <span class='ocr_line' id='line_1_35' title="bbox 144 3189 2496 3274; baseline 0 -25"><span class='ocrx_word' id='word_1_321' title='bbox 144 3189 337 3257; x_wconf 84' lang='lat' dir='ltr'>elassis</span> <span class='ocrx_word' id='word_1_322' title='bbox 382 3191 633 3257; x_wconf 87' lang='lat' dir='ltr'>Rhodia</span> <span class='ocrx_word' id='word_1_323' title='bbox 690 3190 774 3255; x_wconf 92' lang='lat' dir='ltr'>ad</span> <span class='ocrx_word' id='word_1_324' title='bbox 835 3190 1093 3255; x_wconf 90' lang='lat' dir='ltr'>Samum</span> <span class='ocrx_word' id='word_1_325' title='bbox 1147 3210 1260 3274; x_wconf 91' lang='lat' dir='ltr'>per</span> <span class='ocrx_word' id='word_1_326' title='bbox 1319 3191 1711 3255; x_wconf 87' lang='lat' dir='ltr'>occasionem</span> <span class='ocrx_word' id='word_1_327' title='bbox 1771 3189 1993 3253; x_wconf 89' lang='lat' dir='ltr'>fraude</span> <span class='ocrx_word' id='word_1_328' title='bbox 2054 3194 2496 3272; x_wconf 89' lang='lat' dir='ltr'>praeparatam</span> 
     </span>
    </p>
   </div>
   <div class='ocr_carea' id='block_1_3' title="bbox 144 3313 535 3326">
    <p class='ocr_par' dir='ltr' id='par_1_3' title="bbox 144 3313 535 3326">
     <span class='ocr_line' id='line_1_36' title="bbox 144 3313 535 3326; baseline 0 952"><span class='ocrx_word' id='word_1_329' title='bbox 144 3313 535 3326; x_wconf 95' lang='lat' dir='ltr'> </span> 
     </span>
    </p>
   </div>
   <div class='ocr_carea' id='block_1_4' title="bbox 141 3376 2501 3884">
    <p class='ocr_par' dir='ltr' id='par_1_4' title="bbox 141 3376 2501 3884">
     <span class='ocr_line' id='line_1_37' title="bbox 329 3376 2501 3447; baseline -0.003 -10"><span class='ocrx_word' id='word_1_330' title='bbox 329 3388 374 3437; x_wconf 88' lang='lat'>1.</span> <span class='ocrx_word' id='word_1_331' title='bbox 421 3382 599 3435; x_wconf 89' lang='lat' dir='ltr'>omnis</span> <span class='ocrx_word' id='word_1_332' title='bbox 645 3382 705 3434; x_wconf 92' lang='lat' dir='ltr'>B.</span> <span class='ocrx_word' id='word_1_333' title='bbox 739 3385 747 3447; x_wconf 86' lang='grc' dir='ltr'>Ι</span> <span class='ocrx_word' id='word_1_334' title='bbox 779 3384 827 3435; x_wconf 91' lang='grc'>2.</span> <span class='ocrx_word' id='word_1_335' title='bbox 874 3380 928 3432; x_wconf 87' lang='grc'>111</span> <span class='ocrx_word' id='word_1_336' title='bbox 974 3378 1282 3447; x_wconf 89' lang='lat' dir='ltr'>bythiniam</span> <span class='ocrx_word' id='word_1_337' title='bbox 1328 3379 1389 3430; x_wconf 92' lang='lat' dir='ltr'>B.</span> <span class='ocrx_word' id='word_1_338' title='bbox 1423 3381 1511 3443; x_wconf 83' lang='grc'>19.</span> <span class='ocrx_word' id='word_1_339' title='bbox 1557 3379 1613 3431; x_wconf 85' lang='grc'>111</span> <span class='ocrx_word' id='word_1_340' title='bbox 1663 3378 1929 3447; x_wconf 86' lang='lat' dir='ltr'>Hispania</span> <span class='ocrx_word' id='word_1_341' title='bbox 1976 3394 2138 3446; x_wconf 85' lang='lat' dir='ltr'>reges</span> <span class='ocrx_word' id='word_1_342' title='bbox 2185 3378 2238 3430; x_wconf 89' lang='lat' dir='ltr'>M</span> <span class='ocrx_word' id='word_1_343' title='bbox 2260 3376 2334 3431; x_wconf 77' lang='lat' dir='ltr'>S?</span> <span class='ocrx_word' id='word_1_344' title='bbox 2380 3380 2501 3444; x_wconf 79' lang='lat' dir='ltr'>(„ex</span> 
     </span>
     <span class='ocr_line' id='line_1_38' title="bbox 143 3464 2500 3538; baseline -0.001 -21"><span class='ocrx_word' id='word_1_345' title='bbox 143 3481 290 3521; x_wconf 78' lang='lat' dir='ltr'>manu</span> <span class='ocrx_word' id='word_1_346' title='bbox 321 3469 812 3538; x_wconf 76' lang='lat' dir='ltr'>scriptis“Gelen.);</span> <span class='ocrx_word' id='word_1_347' title='bbox 856 3465 1137 3534; x_wconf 86' lang='lat' dir='ltr'>hispaniae</span> <span class='ocrx_word' id='word_1_348' title='bbox 1173 3480 1334 3534; x_wconf 87' lang='lat' dir='ltr'>reges</span> <span class='ocrx_word' id='word_1_349' title='bbox 1372 3468 1485 3521; x_wconf 80' lang='lat' dir='ltr'>cod.</span> <span class='ocrx_word' id='word_1_350' title='bbox 1524 3484 1621 3522; x_wconf 81' lang='lat' dir='ltr'>rec.</span> <span class='ocrx_word' id='word_1_351' title='bbox 1661 3473 1709 3520; x_wconf 81' lang='lat' dir='ltr'>et</span> <span class='ocrx_word' id='word_1_352' title='bbox 1745 3467 1823 3519; x_wconf 86' lang='lat' dir='ltr'>ed.</span> <span class='ocrx_word' id='word_1_353' title='bbox 1862 3472 1974 3529; x_wconf 64' lang='lat' dir='ltr'>vet„</span> <span class='ocrx_word' id='word_1_354' title='bbox 2023 3464 2269 3532; x_wconf 76' lang='lat' dir='ltr'>hispanie</span> <span class='ocrx_word' id='word_1_355' title='bbox 2313 3478 2500 3531; x_wconf 85' lang='lat' dir='ltr'>regem</span> 
     </span>
     <span class='ocr_line' id='line_1_39' title="bbox 145 3548 2495 3623; baseline -0.002 -14"><span class='ocrx_word' id='word_1_356' title='bbox 145 3548 195 3602; x_wconf 87' lang='lat' dir='ltr'>B·</span> <span class='ocrx_word' id='word_1_357' title='bbox 224 3556 230 3618; x_wconf 95' lang='grc' dir='ltr'>Ι</span> <span class='ocrx_word' id='word_1_358' title='bbox 261 3560 337 3610; x_wconf 88' lang='grc'><strong>10.</strong></span> <span class='ocrx_word' id='word_1_359' title='bbox 376 3554 616 3623; x_wconf 88' lang='lat' dir='ltr'>siphacis</span> <span class='ocrx_word' id='word_1_360' title='bbox 653 3555 714 3608; x_wconf 89' lang='lat' dir='ltr'>B.</span> <span class='ocrx_word' id='word_1_361' title='bbox 748 3556 755 3619; x_wconf 91' lang='grc'>1</span> <span class='ocrx_word' id='word_1_362' title='bbox 791 3557 870 3609; x_wconf 85' lang='grc'>13.</span> <span class='ocrx_word' id='word_1_363' title='bbox 918 3554 964 3605; x_wconf 59' lang='grc'>81</span> <span class='ocrx_word' id='word_1_364' title='bbox 1008 3552 1149 3605; x_wconf 78' lang='lat' dir='ltr'>naui‘</span> <span class='ocrx_word' id='word_1_365' title='bbox 1177 3560 1226 3606; x_wconf 80' lang='lat' dir='ltr'>et</span> <span class='ocrx_word' id='word_1_366' title='bbox 1269 3555 1349 3608; x_wconf 74' lang='lat' dir='ltr'>sic</span> <span class='ocrx_word' id='word_1_367' title='bbox 1392 3555 1455 3606; x_wconf 77' lang='lat' dir='ltr'>in</span> <span class='ocrx_word' id='word_1_368' title='bbox 1490 3571 1593 3621; x_wconf 77' lang='lat' dir='ltr'>seq.</span> <span class='ocrx_word' id='word_1_369' title='bbox 1632 3553 1693 3605; x_wconf 94' lang='lat' dir='ltr'>B.</span> <span class='ocrx_word' id='word_1_370' title='bbox 1727 3554 1734 3617; x_wconf 92' lang='grc'>1</span> <span class='ocrx_word' id='word_1_371' title='bbox 1765 3552 1942 3604; x_wconf 90' lang='lat' dir='ltr'>hostis</span> <span class='ocrx_word' id='word_1_372' title='bbox 1979 3552 2040 3603; x_wconf 92' lang='lat' dir='ltr'>B.</span> <span class='ocrx_word' id='word_1_373' title='bbox 2075 3552 2082 3617; x_wconf 86' lang='grc'>1</span> <span class='ocrx_word' id='word_1_374' title='bbox 2114 3551 2161 3603; x_wconf 81' lang='lat'>&amp;</span> <span class='ocrx_word' id='word_1_375' title='bbox 2197 3550 2344 3604; x_wconf 88' lang='lat' dir='ltr'>bello</span> <span class='ocrx_word' id='word_1_376' title='bbox 2382 3552 2495 3606; x_wconf 84' lang='lat' dir='ltr'>cod.</span> 
     </span>
     <span class='ocr_line' id='line_1_40' title="bbox 141 3638 2495 3710; baseline 0 -20"><span class='ocrx_word' id='word_1_377' title='bbox 141 3639 358 3710; x_wconf 74' lang='lat' dir='ltr'>plerique</span> <span class='ocrx_word' id='word_1_378' title='bbox 411 3643 495 3710; x_wconf 89' lang='lat' dir='ltr'>(B,</span> <span class='ocrx_word' id='word_1_379' title='bbox 530 3644 662 3697; x_wconf 83' lang='lat' dir='ltr'>Lov.</span> <span class='ocrx_word' id='word_1_380' title='bbox 699 3647 750 3709; x_wconf 78' lang='lat'>2,</span> <span class='ocrx_word' id='word_1_381' title='bbox 793 3643 981 3708; x_wconf 57' lang='lat' dir='ltr'>Voss),</span> <span class='ocrx_word' id='word_1_382' title='bbox 1025 3641 1104 3693; x_wconf 84' lang='lat' dir='ltr'>ed.</span> <span class='ocrx_word' id='word_1_383' title='bbox 1139 3642 1313 3693; x_wconf 79' lang='lat' dir='ltr'>Basil.</span> <span class='ocrx_word' id='word_1_384' title='bbox 1353 3643 1519 3706; x_wconf 85' lang='lat'><em>1535;</em></span> <span class='ocrx_word' id='word_1_385' title='bbox 1564 3639 1711 3693; x_wconf 92' lang='lat' dir='ltr'>bello</span> <span class='ocrx_word' id='word_1_386' title='bbox 1754 3640 2001 3693; x_wconf 76' lang='lat' dir='ltr'>nonnull.</span> <span class='ocrx_word' id='word_1_387' title='bbox 2038 3639 2150 3693; x_wconf 84' lang='lat' dir='ltr'>cod.</span> <span class='ocrx_word' id='word_1_388' title='bbox 2190 3655 2292 3691; x_wconf 78' lang='lat' dir='ltr'>rec.</span> <span class='ocrx_word' id='word_1_389' title='bbox 2325 3645 2374 3691; x_wconf 84' lang='lat' dir='ltr'>et</span> <span class='ocrx_word' id='word_1_390' title='bbox 2418 3638 2495 3691; x_wconf 83' lang='lat' dir='ltr'>ed.</span> 
     </span>
     <span class='ocr_line' id='line_1_41' title="bbox 142 3723 2495 3796; baseline -0.006 -7"><span class='ocrx_word' id='word_1_391' title='bbox 142 3729 294 3789; x_wconf 65' lang='lat' dir='ltr'>prior,</span> <span class='ocrx_word' id='word_1_392' title='bbox 326 3731 334 3796; x_wconf 86' lang='grc'>1</span> <span class='ocrx_word' id='word_1_393' title='bbox 366 3734 448 3785; x_wconf 88' lang='grc'>20.</span> <span class='ocrx_word' id='word_1_394' title='bbox 476 3728 669 3783; x_wconf 90' lang='lat' dir='ltr'>classis</span> <span class='ocrx_word' id='word_1_395' title='bbox 705 3729 764 3782; x_wconf 92' lang='lat' dir='ltr'>B.</span> <span class='ocrx_word' id='word_1_396' title='bbox 799 3731 806 3794; x_wconf 88' lang='grc' dir='ltr'>Ι</span> <span class='ocrx_word' id='word_1_397' title='bbox 840 3731 922 3783; x_wconf 87' lang='grc'>21.</span> <span class='ocrx_word' id='word_1_398' title='bbox 961 3731 1018 3780; x_wconf 89' lang='lat' dir='ltr'>et</span> <span class='ocrx_word' id='word_1_399' title='bbox 1054 3725 1275 3779; x_wconf 90' lang='lat' dir='ltr'>edocuit</span> <span class='ocrx_word' id='word_1_400' title='bbox 1312 3726 1382 3793; x_wconf 92' lang='lat' dir='ltr'>M,</span> <span class='ocrx_word' id='word_1_401' title='bbox 1420 3728 1628 3789; x_wconf 66' lang='lat' dir='ltr'>Aulus,-</span> <span class='ocrx_word' id='word_1_402' title='bbox 1665 3727 1711 3778; x_wconf 81' lang='lat'>&amp;</span> <span class='ocrx_word' id='word_1_403' title='bbox 1737 3725 1926 3778; x_wconf 88' lang='lat' dir='ltr'>docuit</span> <span class='ocrx_word' id='word_1_404' title='bbox 1959 3727 2051 3779; x_wconf 84' lang='lat' dir='ltr'>rel.</span> <span class='ocrx_word' id='word_1_405' title='bbox 2079 3726 2192 3780; x_wconf 83' lang='lat' dir='ltr'>cod.</span> <span class='ocrx_word' id='word_1_406' title='bbox 2222 3723 2309 3792; x_wconf 83' lang='lat' dir='ltr'>(B)</span> <span class='ocrx_word' id='word_1_407' title='bbox 2334 3730 2381 3776; x_wconf 85' lang='lat' dir='ltr'>et</span> <span class='ocrx_word' id='word_1_408' title='bbox 2417 3724 2495 3776; x_wconf 86' lang='lat' dir='ltr'>ed.</span> 
     </span>
     <span class='ocr_line' id='line_1_42' title="bbox 150 3811 1624 3884; baseline 0.003 -23"><span class='ocrx_word' id='word_1_409' title='bbox 150 3816 410 3883; x_wconf 72' lang='lat' dir='ltr'>antiquiss.</span> <span class='ocrx_word' id='word_1_410' title='bbox 443 3819 451 3884; x_wconf 85' lang='grc' dir='ltr'>Ι</span> <span class='ocrx_word' id='word_1_411' title='bbox 482 3819 566 3872; x_wconf 85' lang='grc'>29.</span> <span class='ocrx_word' id='word_1_412' title='bbox 605 3814 712 3868; x_wconf 87' lang='lat' dir='ltr'>sibi</span> <span class='ocrx_word' id='word_1_413' title='bbox 751 3817 821 3867; x_wconf 69' lang='lat' dir='ltr'>esi</span> <span class='ocrx_word' id='word_1_414' title='bbox 859 3811 970 3882; x_wconf 66' lang='lat' dir='ltr'>quii</span> <span class='ocrx_word' id='word_1_415' title='bbox 1004 3813 1068 3866; x_wconf 92' lang='lat' dir='ltr'>B.</span> <span class='ocrx_word' id='word_1_416' title='bbox 1102 3816 1109 3879; x_wconf 89' lang='grc'>1</span> <span class='ocrx_word' id='word_1_417' title='bbox 1141 3816 1224 3867; x_wconf 89' lang='grc'>31.</span> <span class='ocrx_word' id='word_1_418' title='bbox 1261 3816 1484 3880; x_wconf 87' lang='lat' dir='ltr'>pataras</span> <span class='ocrx_word' id='word_1_419' title='bbox 1520 3813 1581 3866; x_wconf 90' lang='lat' dir='ltr'>B.</span> <span class='ocrx_word' id='word_1_420' title='bbox 1615 3815 1624 3879; x_wconf 85' lang='grc' dir='ltr'>Ι</span> 
     </span>
    </p>
   </div>
  </div>
 </body>
</html>
