2925 4278
406 123 489 185 80
878 137 1102 191 LIBER
1138 137 1435 191 XXXVII.
1475 136 1638 190 CAP.
1666 141 1748 192 26.
1775 141 1858 193 27.
1899 138 1970 206 [a.
1997 137 2062 191 U.
2090 154 2135 191 c.
2162 139 2303 207 564].

336 332 366 378 5
402 315 754 397 absumpta.
846 312 946 377 his
1006 312 1221 392 fretus,
1282 310 1682 393 Polyxenida
1741 331 1882 376 cum
1943 313 2143 377 classe
2201 311 2285 375 ad
2345 314 2774 398 temptandam

403 401 575 465 omni
621 398 806 464 modo
853 399 1213 463 certaminis
1259 396 1573 461 fortunam
1634 399 1846 479 misso,
1908 400 2046 483 ipse
2108 399 2319 482 copias
2374 399 2458 464 ad
2514 401 2774 466 Notium

403 487 590 552 ducit.
682 486 749 550 id
794 485 1094 570 oppidum
1141 483 1615 567 Colophonium,
1663 485 1820 548 mari
1865 485 2218 567 imminenS,
2265 487 2446 551 abest
2488 507 2529 550 a
2562 495 2774 552 vetere

334 595 363 640 6
403 572 767 658 Colophone
813 572 936 637 duo
983 571 1181 636 ferme
1225 571 1399 634 milia
1442 592 1763 655 passuum.
1855 579 1918 636 et
1962 573 2165 656 ipsam
2211 574 2428 637 urbem
2474 593 2631 639 suae
2678 595 2776 659 po·

401 661 647 726 testatis
708 679 846 724 esse
905 659 1179 738 volebat,
1240 657 1399 722 adeo
1460 659 1873 742 propinquam
1933 658 2204 743 Epheso,
2266 666 2335 724 ut
2392 659 2549 723 nihil
2615 668 2775 726 terra
2831 680 2851 724 5

401 748 640 812 marive
683 752 919 829 ageret,
967 744 1133 825 quod
1178 763 1304 807 non
1351 745 1701 809 subiectum
1747 745 1940 810 oculis
1987 745 2511 829 Colophoniorum
2559 767 2639 811 ac
2669 767 2775 832 per

336 854 363 900 7
403 854 510 898 eos
555 839 773 897 notum
820 831 1136 914 extemplo
1183 831 1484 895 Romanis
1529 838 1713 912 esset,
1761 838 1823 896 et
1868 831 1982 896 hos
2025 831 2245 896 audita
2275 832 2606 898 obsidione
2652 855 2773 898 non

403 920 733 984 dubitabat
777 918 861 982 ad
907 937 1090 1001 opem
1137 917 1344 981 sociae
1388 918 1529 981 urbi
1576 917 1900 982 ferendam
1948 919 2213 983 classem
2273 920 2352 983 ab
2400 920 2594 985 Samo
2658 942 2774 985 mo·

334 1027 365 1073 8
402 1013 606 1089 turos;
656 1025 795 1070 eam
840 1004 1233 1068 occasionem
1277 1003 1710 1086 Polyxenidae
1754 1005 1838 1068 ad
1883 1025 2016 1069 rem
2060 1005 2406 1088 gerendam
2437 1005 2592 1071 fore.
2671 1007 2774 1091 igi·
2895 1060 2896 1077 ,

400 1100 499 1158 tur
543 1092 850 1176 operibus·
881 1111 1245 1175 oppugnare
1290 1092 1510 1155 urbem
1555 1111 1910 1175 aggressuS,
1956 1091 2040 1155 ad
2084 1112 2257 1157 mare
2301 1093 2590 1176 partibus
2634 1092 2772 1157 dua·
2805 1110 2849 1157 10
2895 1118 2896 1121 ¹

401 1181 518 1245 bus
572 1180 809 1263 pariter
864 1177 1317 1241 munitionibus
1379 1176 1684 1258 deductis,
1747 1180 2061 1260 utrimque
2105 1179 2326 1243 vineas
2372 1187 2434 1243 et
2477 1200 2772 1264 aggerem

333 1287 364 1333 9
402 1287 577 1330 muro
640 1266 915 1329 iniunxit
976 1271 1039 1328 et
1105 1263 1527 1328 testudinibus
1597 1265 1825 1330 arietes
1892 1265 2187 1330 admovit.
2281 1266 2509 1346 quibus
2579 1266 2773 1331 territi

401 1354 582 1417 malis
628 1351 998 1435 Colophonii
1044 1357 1322 1415 oratores
1383 1349 1641 1416 Samum
1700 1351 1782 1414 ad
1827 1353 1896 1415 L.
1932 1352 2288 1432 Aemilium,
2349 1352 2543 1416 fidem
2607 1372 2775 1437 prae-

300 1460 363 1507 10
401 1441 551 1503 toris
596 1439 934 1522 populique
979 1439 1248 1502 Romani
1277 1437 1701 1520 imploranteS,
1735 1439 2052 1503 miserunt.
2115 1439 2451 1502 Aemilium
2497 1447 2565 1503 et
2606 1438 2771 1505 Sami

402 1526 615 1609 segnis
661 1525 768 1588 diu
815 1539 988 1588 mora
1032 1524 1414 1603 offendebat,
1462 1523 1617 1587 nihil
1664 1524 1871 1590 minus
1916 1526 2278 1608 opinantem
2342 1546 2532 1606 quam
2597 1526 2771 1608 Poly·
2805 1541 2850 1588 15
2895 1560 2896 1565 κ

402 1611 721 1691 xenidam,
768 1611 866 1675 bis
911 1611 1293 1692 nequiquam
1353 1610 1435 1674 ab
1484 1631 1552 1675 se
1597 1618 2022 1694 provocatum,
2084 1618 2457 1694 potestatem
2521 1631 2770 1697 pugnae
2895 1618 2896 1623 ’

303 1721 360 1766 11
405 1699 712 1763 facturum
761 1717 932 1780 esse3
981 1704 1044 1760 et
1089 1704 1269 1780 turpe
1316 1698 1723 1762 existimabat
1785 1698 2086 1762 Eumenis
2144 1698 2407 1762 classem
2468 1699 2771 1763 adiuvare

404 1785 722 1850 consulem
777 1784 861 1847 ad
921 1783 1300 1848 traiciendas
1359 1784 1422 1846 in
1487 1784 1703 1848 Asiam
1749 1784 2051 1868 legiones,
2115 1804 2184 1848 se
2231 1785 2616 1869 Colophonis
2675 1786 2767 1850 ob-

301 1895 363 1940 12
403 1891 614 1937 sessae
660 1870 915 1950 auxili0,
961 1871 1265 1934 incertam
1310 1870 1502 1934 finem
1548 1870 1859 1951 habituro,
1906 1871 2167 1954 alligari.
2246 1871 2574 1938 Eudamus
2620 1872 2771 1936 Rho·

403 1958 562 2038 dius,
625 1958 730 2039 qui
792 1964 853 2021 et
913 1967 1061 2018 ante
1119 1962 1406 2021 tenuerat
1468 1977 1611 2021 eum
1670 1958 1843 2023 Sami
1905 1958 2260 2041 cupientem
2327 1958 2644 2041 proficisci
2708 1958 2767 2021 in
2796 1972 2841 2019 20

303 2069 363 2114 13
402 2045 898 2128 Hellespontum,
948 2044 1280 2124 cunctique
1325 2044 1563 2108 instare
1610 2051 1671 2108 et
1717 2043 1946 2124 dicere,
1995 2051 2230 2125 quanto
2263 2045 2459 2109 satius
2499 2065 2646 2111 esse
2676 2042 2767 2108 vel

401 2132 600 2197 socios
655 2129 983 2197 obsidione
1037 2131 1316 2196 eximere
1376 2131 1478 2195 vel
1522 2130 1756 2196 victam
1801 2131 1926 2195 iam
1973 2131 2166 2196 semel
2224 2132 2488 2197 classem
2551 2133 2764 2198 iterum

398 2221 652 2284 vincere
701 2225 764 2282 et
807 2224 1001 2282 totam
1046 2217 1240 2281 maris
1284 2218 1745 2301 possessionem
1792 2218 1955 2283 hosti
1990 2219 2251 2302 eripere,
2286 2239 2473 2300 quam
2506 2217 2767 2285 desertis

399 2306 603 2386 sociis,
652 2304 884 2369 tradita
925 2303 1238 2368 Antiocho
1283 2305 1436 2369 Asia
1481 2312 1647 2369 terra
1690 2305 1972 2387 marique
2018 2305 2084 2368 in
2116 2305 2620 2389 Hellespontum,
2667 2302 2765 2368 ubi

400 2394 552 2457 satis
599 2399 764 2457 esset
807 2392 1109 2455 Eumenis
1155 2391 1393 2472 classis,
1439 2392 1522 2455 ab
1555 2412 1670 2456 sua
1700 2399 1878 2475 parte
1911 2391 2055 2455 belli
2091 2391 2437 2456 discedere.
2498 2391 2760 2456 XXVII.
2795 2401 2843 2450 25

333 2501 358 2547 1
399 2479 671 2544 Profecti
716 2479 798 2542 ab
846 2478 1034 2543 Samo
1078 2477 1161 2541 ad
1207 2477 1513 2561 petendos
1560 2486 1966 2558 commeatUS,
2014 2479 2403 2562 consumptis
2461 2479 2590 2542 iam
2653 2498 2766 2542 om-

398 2568 603 2647 nibuS,
653 2565 879 2631 Chium
924 2564 1233 2648 parabant
1276 2564 1574 2648 traicere;
1623 2565 1689 2629 id
1736 2571 1869 2629 erat
1899 2564 2189 2629 horreum
2221 2565 2542 2645 Romanis,
2578 2581 2766 2646 eoque

332 2676 360 2723 2
398 2673 616 2718 omnes
662 2671 743 2717 ex
805 2651 990 2715 Italia
1047 2651 1276 2715 missae
1338 2652 1662 2716 onerariae
1723 2651 2094 2734 derigebant
2155 2671 2423 2717 cursum.
2517 2652 2766 2716 circum-

397 2740 561 2804 vecti
607 2739 688 2802 ab
735 2737 890 2802 urbe
932 2738 1016 2801 ad
1060 2757 1287 2801 aversa
1330 2738 1575 2802 insulae
1637 2777 1719 2785 -—
1764 2739 2011 2803 obiecta
2064 2738 2346 2819 aquiloni
2400 2737 2483 2801 ad
2546 2738 2764 2804 Chium

398 2833 459 2890 et
517 2825 824 2908 Erythras
888 2831 1033 2888 sunt
1091 2861 1175 2869 —
1231 2843 1369 2887 cum
1431 2832 1726 2908 pararent
1784 2826 2067 2904 traicere,
2134 2825 2357 2888 litteris
2418 2825 2646 2890 certior
2701 2821 2765 2885 fit
2794 2833 2842 2881 30

602 3019 650 3069 3.
689 3014 849 3068 abest
885 2999 1136 3067 auertere
1173 3013 1233 3066 B.
1268 3015 1274 3076 Ι
1308 3016 1354 3067 5.
1393 3012 1612 3080 Epheso
1650 3032 1751 3068 om.
1778 3012 1838 3065 B.
1873 3016 1880 3079 1
1913 3012 2077 3065 nichil
2101 3013 2163 3066 B.
2196 3016 2203 3079 1
2238 3017 2284 3067 7.
2324 3017 2381 3066 et
2416 3012 2764 3078 hos-madviq

398 3102 519 3156 Em.
546 3103 615 3156 L.
636 3119 693 3170 p.
722 3106 851 3165 530;
893 3116 1031 3168 quos
1076 3101 1188 3155 eod.
1217 3106 1266 3153 et
1302 3101 1380 3153 ed.
1408 3106 1505 3154 vet.
1539 3102 1546 3165 1
1578 3103 1624 3155 8.
1663 3098 1817 3151 urbis
1854 3100 1914 3151 B.
1948 3100 1956 3166 Ι
1988 3103 2035 3154 9.
2073 3098 2411 3167 polyxenid‘e
2445 3100 2508 3153 B.
2542 3101 2550 3168 Ι
2585 3104 2663 3155 10.
2700 3093 2764 3149 ad

396 3202 541 3241 mare
584 3188 658 3255 B,
715 3193 772 3240 et
814 3187 887 3240 ad
931 3201 1080 3240 mare
1137 3188 1271 3241 cod(
1298 3204 1417 3254 rec„
1461 3187 1539 3240 ecl.
1588 3193 1700 3254 vet„
1747 3187 1930 3240 Hertz.
1972 3188 1980 3253 Ι
2025 3189 2103 3241 13.
2151 3185 2331 3239 coloni
2378 3191 2624 3241 oratores
2666 3181 2761 3248 Β.Ι
2895 3241 2896 3244 ¹

399 3279 476 3329 15.
503 3273 823 3327 offendebat
858 3276 972 3329 eod.
998 3274 1084 3342 (B)
1121 3280 1169 3328 et
1203 3274 1282 3327 ed.
1322 3280 1415 3328 vet.
1427 3293 1444 3338 ,·
1480 3272 1765 3326 detinebat
1802 3274 1854 3325 M
1892 3280 2017 3328 teste
2053 3275 2262 3328 Modio.
2296 3274 2303 3342 Ι
2335 3276 2417 3329 20.
2444 3273 2539 3342 qui
2565 3277 2621 3326 et
2643 3273 2763 3324 ante
2875 3329 2878 3330 ⁷

395 3365 649 3414 tenuerat
691 3361 840 3425 Ott0;
882 3360 1068 3428 quiete
1104 3359 1359 3413 innuerat
1396 3361 1508 3414 eod.
1546 3361 1711 3427 Voss,
1747 3359 1842 3427 qui
1879 3365 1936 3413 et
1973 3365 2227 3413 tenuerat
2263 3362 2376 3416 eod.
2404 3362 2650 3430 plerique
2683 3354 2761 3424 (Β)

395 3455 442 3502 et
478 3449 556 3502 ecl.
583 3455 677 3502 vet.
713 3454 719 3512 Ι
751 3451 834 3503 21.
862 3453 919 3501 et
955 3447 1153 3514 dicere,
1179 3452 1387 3514 quanto
1425 3448 1537 3502 eod.
1565 3454 1614 3501 et
1649 3448 1728 3501 ed.
1755 3454 1869 3515 vet„
1897 3451 1963 3515 cf.
1992 3449 2067 3501 H.
2097 3450 2142 3501 I.
2170 3449 2401 3502 Mueller
2436 3465 2562 3502 auu.
2590 3442 2758 3500 Berol.

394 3539 529 3587 1891
559 3540 776 3602 p.168‚·
822 3539 879 3587 et
917 3534 1161 3602 [dicere]:
1208 3539 1418 3601 quanto
1454 3535 1533 3588 M.
1561 3535 1793 3587 Mueller
1828 3537 1955 3601 fort.
1982 3542 2132 3602 recte,
2168 3539 2233 3587 ut
2268 3533 2517 3587 duceret:
2563 3532 2758 3601 quanto

394 3622 625 3690 Madvig}
649 3621 773 3675 Em.
801 3623 869 3675 L.
904 3639 956 3690 p.
985 3626 1102 3689 530,
1138 3622 1231 3674 sed
1269 3623 1336 3688 ef.
1364 3622 1442 3674 M.
1472 3622 1704 3675 Mueller
1728 3640 1788 3690 p.
1819 3623 1980 3675 VIII.
2015 3624 2023 3689 Ι
2054 3623 2137 3676 23.
2165 3620 2309 3674 hosti
2333 3622 2460 3675 add.
2488 3622 2565 3675 ed.
2592 3614 2754 3673 Basil-

393 3712 544 3761 1535.
579 3713 585 3774 Ι
630 3710 712 3763 28.
752 3706 1081 3776 derigebant
1116 3708 1178 3775 B,
1216 3709 1348 3762 Lov.
1372 3712 1434 3774 4;
1478 3706 1794 3775 dirigebant
1839 3709 1952 3764 cod.
1992 3727 2090 3764 ree.
2131 3716 2178 3763 et
2222 3710 2299 3763 ed.
2339 3715 2434 3763 vet.
2469 3708 2589 3773 129.
2625 3712 2754 3771 quae

394 3793 613 3846 obiecta
649 3793 720 3847 M.
755 3796 762 3860 Ι
