2925 4278
644 160 870 213 LIBER
908 160 1205 214 XXXVII.
1245 160 1409 213 CAP.
1439 165 1522 215 51.
1549 164 1631 215 52.
1675 160 1740 227 [a.
1771 160 1834 214 U.
1863 175 1906 212 c.
1936 161 2079 229 564}
2428 142 2546 205 107

164 356 202 399 a
245 342 460 400 vetere
509 334 697 417 fama,
746 336 914 417 quod
960 337 1323 402 ineuntibus
1368 336 1434 400 id
1483 337 1713 401 bellum
1760 336 1975 419 gravis
2036 336 2236 402 hostis
2298 343 2360 400 et
2421 337 2551 401 suis

165 422 422 503 viribus,
486 431 549 486 et
608 422 775 504 quod
823 424 1248 488 Hannibalem
1312 430 1616 487 rectorem
1684 424 1946 487 militiae
2014 423 2307 502 haberet,
2376 423 2551 487 visus

165 509 384 572 fuerat.
478 509 633 573 nihil
682 516 891 574 tamen
942 518 1050 573 aut
1097 511 1175 574 de
1223 511 1478 575 consule
1542 509 1849 574 mittendo
1913 510 1978 573 in
2033 510 2251 574 Asiam
2309 516 2551 573 mutan·
2590 519 2656 566 10

165 596 307 659 dum
356 602 468 659 aut
514 596 887 660 minuendas
936 598 1070 661 eius
1117 598 1333 681 copias
1380 607 1762 661 censuerunt
1808 604 2000 677 metu,
2047 617 2130 660 ne
2177 616 2317 660 cum
2351 596 2549 661 Gallis

97 703 126 748 5
165 683 321 747 foret
367 682 751 747 bellandum.

368 770 504 833 LII.
555 768 741 833 Haud
785 770 981 833 multo
1027 776 1170 852 post
1213 771 1294 834 M.
1329 770 1622 833 Aurelius
1669 770 1855 834 Cotta
1900 770 2148 853 legatus
2209 770 2277 833 L.
2314 769 2548 852 Scipio·
2623 780 2645 825 1

164 857 257 920 nis
304 876 449 920 cum
497 855 793 920 Antiochi
851 857 1021 938 regis
1080 857 1306 940 legatis
1352 865 1415 921 et
1474 858 1792 921 Eumenes
1851 877 1965 920 rex
2028 856 2385 938 Rhodiique
2429 858 2549 921 Ro-

163 963 324 1005 mam
390 950 718 1007 venerunt.
812 944 999 1008 Cotta
1059 943 1121 1006 in
1186 949 1409 1008 senatu
1471 943 1762 1026 primum,
1833 943 2065 1007 deinde
2126 943 2192 1006 in
2255 944 2547 1008 contione
2620 953 2653 1000 2

161 1031 332 1094 iussu
382 1039 652 1113 patrum,
716 1049 878 1111 quae
925 1036 1070 1093 acta
1128 1030 1194 1093 in
1255 1031 1410 1094 Asia
1471 1037 1703 1110 essent,
1767 1031 2078 1113 exposuit.
2171 1030 2547 1113 supplicatio

68 1135 126 1181 10
162 1115 306 1180 inde
356 1115 423 1178 in
469 1115 744 1180 triduum
793 1115 1049 1181 decreta
1094 1123 1209 1195 est,
1258 1123 1320 1181 et
1366 1117 1791 1199 quadraginta
1834 1117 2104 1181 maiores
2149 1116 2394 1182 hostiae
2440 1117 2549 1179 im-

161 1202 381 1266 molari
429 1202 655 1266 iussae.
750 1210 880 1266 tum
927 1204 1206 1267 omnium
1253 1203 1523 1286 primum
1569 1203 1838 1267 Eumeni
1884 1210 2140 1267 senatus
2197 1202 2382 1267 datus
2429 1210 2542 1268 est.
2619 1214 2650 1261 3

161 1288 212 1353 is
257 1309 401 1352 cum
465 1289 743 1353 breviter
804 1297 866 1354 et
928 1291 1162 1371 egisset
1220 1291 1458 1372 gratias
1505 1291 1811 1373 patribuS,
1875 1290 2041 1371 quod
2103 1288 2432 1354 obsidione
2479 1309 2546 1353 se

159 1395 235 1439 ac
281 1374 544 1438 fratrem
592 1377 977 1441 exemissent
1024 1396 1414 1459 regnumque
1460 1378 1543 1440 ab
1591 1377 1833 1440 iniuriis
1877 1375 2176 1441 Antiochi
2236 1375 2546 1440 vindicas-

161 1468 320 1543 sent,
373 1470 437 1526 et
481 1463 830 1544 gratulatus
877 1471 1060 1546 esset,
1111 1462 1277 1544 quod
1323 1470 1491 1527 terra
1551 1464 1833 1544 marique
1894 1483 1995 1527 res
2057 1483 2352 1546 prospere
2411 1483 2548 1546 ges·
2618 1472 2654 1519 4

67 1565 126 1613 15
161 1549 412 1627 sissent,
462 1548 753 1630 quodque
808 1571 1021 1631 regem
1068 1549 1443 1614 Antiochum
1494 1550 1703 1613 fusum
1734 1549 2147 1632 fugatumque
2194 1557 2257 1613 et
2287 1557 2548 1613 exutum

161 1635 385 1699 castris
431 1636 603 1719 prius
647 1636 919 1720 Europa,
967 1644 1109 1718 post
1154 1644 1216 1700 et
1261 1637 1433 1716 Asia,
1484 1655 1646 1717 quae
1679 1636 1768 1699 cis
1798 1637 2073 1700 Taurum
2106 1643 2383 1701 montem
2431 1643 2547 1715 est,

161 1721 575 1805 expulissent,
626 1742 739 1786 sua
785 1722 1017 1786 deinde
1064 1723 1289 1786 merita
1343 1722 1531 1787 malle
1579 1743 1686 1787 eos
1747 1743 1827 1787 ex
1875 1724 2357 1806 imperatoribus
2418 1723 2549 1787 suis
2622 1731 2653 1779 5

158 1808 512 1891 legatisque
559 1829 747 1890 quam
796 1829 863 1873 se
927 1816 1455 1874 commemorante
1521 1830 1902 1893 cognoscere
1948 1810 2128 1873 dixit.
2222 1809 2383 1874 haec
2441 1831 2548 1892 ap·
2621 1820 2651 1868 6

158 1894 580 1978 probantibus
648 1897 890 1960 eunctis
950 1897 1441 1978 iubentibusque
1502 1896 1712 1960 dicere
1780 1897 2007 1980 ipsum,
2078 1897 2312 1961 omissa
2371 1897 2437 1959 in
2483 1895 2549 1959 id

64 1998 123 2044 20
156 1981 568 2062 verecundia,
616 1981 767 2063 quid
815 1983 935 2046 sibi
981 1982 1063 2046 ab
1097 1991 1319 2047 senatu
1350 1985 1707 2067 populoque
1739 1986 2024 2047 Romano
2056 1983 2243 2048 tribui
2275 2003 2547 2064 aequum

158 2074 482 2151 censeret3
553 2070 927 2153 propensius
996 2070 1515 2152 cumulatiusque,
1587 2070 1640 2134 si
1704 2090 1825 2152 quo
1886 2071 2103 2154 possit,
2173 2076 2358 2153 prout
2411 2070 2547 2134 eius

156 2157 384 2221 merita
432 2157 575 2234 sint,
625 2164 912 2221 senatum
960 2157 1304 2220 facturum:
1352 2157 1436 2221 ad
1484 2177 1561 2221 ea
1606 2177 1739 2236 rex,
1790 2158 1841 2221 si
1888 2158 1971 2221 ab
2019 2158 2160 2222 aliis
2208 2157 2328 2221 sibi
2373 2177 2547 2239 prae-
2622 2168 2651 2216 7

158 2243 428 2307 miorum
476 2244 644 2325 optio
690 2242 1056 2322 deferretur,
1107 2244 1394 2324 libenter,
1442 2243 1595 2307 data
1625 2243 1812 2308 modo
1844 2244 2145 2308 facultate
2178 2242 2548 2308 consulendi

159 2335 452 2394 senatum
498 2330 871 2409 Romanum,
922 2330 1181 2395 consilio
1227 2331 1603 2414 amplissimi
1649 2330 1886 2394 ordinis
1930 2350 2184 2394 usurum
2219 2329 2433 2408 fuisse,
2467 2350 2547 2394 ne

65 2432 122 2479 25
159 2415 310 2497 quid
357 2422 471 2479 aut
515 2415 928 2481 immoderate
976 2417 1223 2500 cupisse
1269 2424 1379 2480 aut
1437 2417 1674 2499 petisse
1721 2437 1941 2500 parum
2004 2415 2286 2480 modeste
2347 2415 2548 2480 videri

157 2510 409 2585 posset;
459 2523 678 2567 verum
726 2504 1048 2567 enimvero
1095 2523 1234 2566 cum
1283 2504 1403 2586 ipsi
1450 2503 1657 2567 daturi
1702 2504 1846 2582 sint,
1909 2503 2104 2566 multo
2149 2503 2355 2586 magis
2418 2522 2547 2566 mu·
2620 2515 2653 2562 8

155 2589 552 2654 nificentiam
601 2608 812 2654 eorum
860 2590 922 2652 in
973 2609 1039 2654 se
1086 2589 1440 2671 fratresque
1488 2610 1633 2654 suos
1678 2590 1957 2673 ipsorum
2017 2589 2260 2654 arbitrii
2314 2588 2548 2654 debere

155 2695 316 2741 esse.
413 2675 570 2739 nihil
632 2676 750 2739 hac
810 2677 1091 2741 oratione
1154 2676 1287 2740 eius
1348 2684 1560 2760 patres
1628 2676 1966 2760 conscripti
2034 2675 2315 2739 deterriti
2377 2682 2543 2757 sunt,
2620 2690 2651 2736 9

154 2870 285 2918 runt
331 2866 468 2932 B¹‘?)
514 2868 626 2921 eod.
670 2867 772 2934 (B),
820 2867 1020 2919 uictam
1070 2866 1349 2919 Aetoliam
1399 2870 1642 2919 metuere
1681 2868 1814 2922 Lov.
1841 2871 1891 2933 3,
1942 2867 2212 2932 Gelenius,
2250 2865 2456 2919 victum
2491 2865 2547 2918 in

155 2952 388 3005 Aetolia
432 2965 620 3020 regem
667 2960 911 3006 metuere
950 2955 1122 3008 altera
1157 2955 1434 3023 Madviqii
1472 2955 1794 3020 coniectura,
1837 2953 2044 3005 victum
2083 2953 2138 3005 in
2176 2950 2405 3004 Aetolia
2440 2967 2547 3004 me-

153 3044 314 3092 tuere
359 3054 548 3106 regem
585 3041 664 3093 M.
692 3041 924 3093 Mueller
949 3043 1129 3109 praef.
1149 3058 1209 3109 p.
1235 3042 1342 3107 IX,
1368 3042 1462 3094 sed
1501 3044 1568 3108 cf.
1599 3042 1674 3093 H.
1703 3041 1749 3093 Ι.
1778 3041 2009 3094 Mueller
2045 3058 2174 3093 ann.
2203 3041 2384 3094 Berol.
2411 3043 2543 3092 1891

147 3143 207 3194 p.
235 3131 358 3179 169.
394 3131 400 3188 Ι
439 3130 481 3180 1.
509 3142 541 3178 a
578 3130 766 3179 vetere
804 3125 949 3180 sama
985 3129 1265 3182 Rubenius
1276 3149 1293 3190 ‚·
1330 3131 1652 3179 auerterunt
1687 3125 1834 3179 sama
1859 3126 1905 3178 B
1930 3133 1978 3180 et
1997 3128 2169 3194 pauci
2194 3144 2313 3193 rea,
2340 3130 2547 3178 auerte-

155 3218 288 3264 runt
323 3211 529 3265 samam
565 3216 635 3266 al.
664 3216 779 3268 eod.
804 3232 905 3268 rec.
932 3221 979 3268 et
1015 3216 1094 3268 ed.
1121 3221 1235 3280 vet„
1274 3216 1337 3268 de
1374 3216 1586 3283 oriyine
1622 3216 1821 3268 erroris
1858 3218 1927 3283 cf.
1960 3215 2025 3268 G.
2053 3215 2300 3267 Heraeus
2347 3220 2546 3281 quaest.

157 3301 276 3352 erit.
302 3317 359 3368 p.
386 3304 470 3353 80.
506 3301 515 3361 Ι
547 3302 594 3353 6.
641 3299 702 3352 L.
729 3300 798 3367 M,
836 3302 1045 3369 Aldus;
1097 3320 1197 3356 om.
1240 3303 1333 3355 rel.
1372 3302 1484 3355 cod.
1521 3308 1570 3354 et
1614 3303 1691 3355 ecl.
1729 3303 2009 3369 antiquiss,
2048 3305 2055 3361 Ι
2086 3303 2135 3354 7.
2182 3298 2401 3366 rhodiq3
2445 3299 2507 3351 B.
2539 3298 2545 3368 Ι

153 3387 201 3440 8.
254 3386 313 3438 in
360 3385 714 3439 contentione
759 3387 817 3439 B.
865 3390 873 3453 Ι
919 3392 996 3442 11.
1042 3392 1159 3440 tum
1206 3388 1276 3455 M,
1323 3390 1531 3453 Aldus;
1567 3406 1668 3442 om.
1704 3390 1794 3442 rel.
1832 3389 1945 3442 cod.
1980 3387 2065 3452 (B)
2110 3393 2157 3440 et
2210 3388 2287 3441 ecl.
2320 3388 2494 3454 prior.
2538 3385 2545 3455 Ι

157 3477 238 3528 16.
281 3477 407 3540 post
444 3477 502 3525 et
546 3475 659 3527 cod.
695 3491 795 3528 ree.
846 3475 1000 3538 (Lov.
1027 3479 1078 3542 2,
1113 3476 1301 3540 Voss),
1340 3475 1522 3528 Aldus
1534 3494 1553 3540 ;
1598 3473 1645 3525 ἃ
1680 3474 1742 3541 Β,
1782 3478 1977 3539 postea
2012 3473 2082 3540 M,
2121 3480 2245 3539 post
2290 3474 2454 3528 Harl.
2502 3479 2551 3526 et

156 3562 238 3615 ed.
277 3562 565 3628 antiquiss.
601 3563 607 3624 Ι
646 3563 720 3616 18.
762 3574 1095 3629 cognoscere
1138 3563 1273 3615 Lov.
1297 3566 1347 3626 2,
1383 3562 1461 3614 ed.
1492 3562 1666 3614 Basil.
1695 3565 1860 3627 1535,·
1903 3559 2163 3627 cognosci
2200 3562 2292 3614 rel.
2318 3562 2433 3615 eod.
2462 3559 2550 3625 (B)

157 3653 205 3700 et
240 3649 319 3701 ed.
341 3650 537 3715 prior„
577 3662 846 3715 cognosse
884 3651 1019 3702 coni.
1049 3650 1092 3701 I.
1123 3649 1190 3701 F.
1223 3649 1548 3712 Gronovius,
1586 3650 1711 3714 fort.
1742 3646 2001 3714 cognosci
2042 3648 2320 3716 leyendum
2365 3654 2414 3701 et
2459 3665 2549 3702 su·

150 3749 266 3800 pra
304 3748 400 3786 eos
438 3735 734 3787 tollendum
769 3752 878 3788 esse
912 3752 1059 3802 susp.
1095 3736 1470 3788 Weissenborn
1514 3735 1594 3788 ed.
1625 3735 1819 3787 Teubn.
1840 3751 1900 3800 p.
1926 3734 2097 3787 XXI.
2133 3734 2140 3797 Ι
2173 3736 2253 3788 25.
2292 3731 2547 3785 immode-

157 3825 276 3873 rate
304 3823 418 3877 eod.
441 3838 539 3876 ree.
562 3822 823 3888 (Lov.2),·
858 3820 1216 3874 immoderata
1241 3822 1302 3887 B,
1328 3824 1398 3875 al.
1427 3840 1527 3876 ree.
1556 3828 1604 3875 et
1640 3822 1718 3875 ed.
1746 3822 2030 3889 antiquiss.
2065 3822 2073 3886 Ι
2105 3824 2188 3875 26.
2226 3819 2403 3887 possit
2436 3819 2505 3871 M.
2536 3816 2543 3886 Ι
