2925 4278
562 154 781 206 LIBER
818 153 1116 206 xxxvn.
1156 152 1319 206 CAP.
1345 110 1429 208 41.
1455 156 1539 207 42.
1566 155 1649 208 43.
1691 154 1763 221 [a.
1796 153 1855 207 u.
1884 169 1928 207 ο.
1957 155 2095 221 564].
2430 139 2510 200 97

154 327 296 392 duas
339 327 510 392 acies
557 348 779 411 campo
826 327 1166 409 exiguntur
1212 326 1590 411 quadrigae;
1638 332 1973 408 amotoque
2019 327 2193 391 inani
2222 328 2512 410 ludibri0,

154 421 272 478 tum
315 414 569 478 demum
614 414 696 477 ad
742 415 976 479 iustum
1021 413 1326 497 proelium
1374 414 1558 497 signo
1603 414 1916 495 utrimque
1964 413 2111 478 dato
2144 436 2516 479 concursum

155 509 251 565 est.
338 502 540 565 XLII.
592 501 885 566 Ceterum
932 521 1099 564 vana
1145 500 1251 564 illa
1294 520 1396 565 res
1441 520 1634 565 verae
1679 520 1825 565 mox
1874 499 2073 565 cladis
2135 522 2326 567 causa
2371 503 2508 567 fuit.
2557 511 2583 557 1

152 588 371 651 auxilia
415 588 585 651 enim
631 587 1030 667 subsidiaria,
1078 606 1239 668 quae
1299 587 1590 671 proxima
1650 587 1855 651 locata
1915 595 2113 668 erant,
2175 609 2409 671 pavore
2456 595 2517 653 et

100 688 123 732 5
154 675 638 739 consternatione
684 674 1131 757 quadrigarum
1177 675 1395 738 territa
1439 680 1500 738 et
1546 674 1687 758 ipsa
1731 674 1796 737 in
1842 673 2060 757 fugam
2106 695 2293 739 versa
2322 675 2518 739 nuda-

155 770 279 825 runt
322 762 538 826 omnia
582 781 780 843 usque
826 760 908 824 ad
956 760 1393 844 cataphractos
1440 761 1702 842 equites.
1796 760 1878 823 ad
1939 781 2097 842 quos
2144 782 2285 826 cum
2341 760 2516 827 dissi·
2554 768 2584 815 2

156 849 297 929 patis
343 847 643 913 subsidiis
687 849 1080 931 pervenisset
1113 847 1430 929 equitatus
1460 849 1801 927 RomanuS,
1835 868 1915 911 ne
1947 848 2217 931 primum
2263 848 2517 930 quidem

156 933 434 1016 impetum
485 934 949 999 sustinuerunt:
996 955 1145 1018 pars
1190 954 1404 999 eorum
1450 933 1575 998 fusi
1621 942 1787 1014 sunt,
1837 935 1945 998 alii
2005 942 2260 1020 propter
2302 936 2514 1019 gravi-

153 1025 324 1085 tatem
370 1028 881 1104 tegumentorum
926 1041 1367 1103 armorumque
1413 1022 1696 1104 oppressi
1745 1020 1952 1108 [sunt].
2031 1028 2229 1086 totum
2285 1022 2517 1086 deinde
2555 1036 2585 1083 3

78 1118 124 1162 10
154 1106 379 1171 laevum
429 1129 627 1173 cornu
673 1108 1032 1191 inclinavit,
1083 1117 1145 1172 et
1191 1107 1459 1173 turbatis
1506 1108 1940 1188 auxiliaribuS,
1988 1109 2094 1190 qui
2140 1109 2304 1175 inter
2350 1110 2519 1191 equi-

153 1201 262 1258 tem
305 1201 365 1259 et
415 1215 574 1276 quos
620 1195 941 1278 appellant
994 1193 1399 1278 phalangitas
1430 1203 1630 1272 erant,
1664 1215 1863 1276 usque
1896 1195 1976 1258 ad
2010 1195 2283 1259 mediam
2316 1196 2520 1261 aciem

153 1287 325 1345 terror
368 1281 679 1365 pervenit.
773 1282 862 1346 ibi
909 1281 1094 1345 simul
1140 1282 1487 1365 perturbati
1532 1281 1786 1345 ordines
1833 1288 1895 1345 et
1939 1281 2283 1366 impeditus
2336 1283 2519 1347 inter·
2558 1294 2591 1341 4

155 1386 316 1432 cursu
361 1389 619 1433 suorum
665 1388 817 1432 usus
862 1370 1341 1451 praelongarum
1389 1368 1711 1432 hastarum
1745 1405 1829 1415 —
1870 1370 2100 1433 sarisas
2141 1368 2521 1433 Macedones

155 1462 361 1518 vocant
405 1492 512 1535 —,
576 1455 841 1519 intulere
902 1455 1085 1539 signa
1144 1456 1468 1518 Romanae
1528 1455 1811 1537 legiones
1873 1461 1936 1519 et
1989 1455 2120 1538 pila
2164 1455 2229 1518 in
2284 1462 2520 1538 pertur-

80 1546 125 1593 15
154 1539 311 1605 batos
356 1542 704 1606 coniecere.
797 1561 878 1605 ne
924 1541 1279 1625 interpositi
1326 1540 1580 1622 quidem
1628 1541 1949 1624 elephanti
1995 1542 2255 1606 militem
2298 1542 2519 1606 Roma·
2558 1555 2589 1602 5

155 1645 283 1690 num
329 1627 758 1708 deterrebant,
793 1636 1114 1693 assuetum
1160 1629 1286 1692 iam
1333 1628 1415 1692 ab
1460 1627 1695 1692 Africis
1742 1628 1924 1693 bellis
1971 1634 2033 1693 et
2078 1628 2281 1693 vitare
2327 1629 2521 1712 impe-

155 1720 266 1776 tum
311 1716 540 1780 beluae
591 1722 654 1779 et
699 1735 781 1779 ex
829 1723 1189 1780 transverso
1234 1720 1344 1778 aut
1389 1715 1536 1798 pilis
1595 1715 1913 1780 incessere
1971 1722 2099 1795 aut,
2163 1716 2216 1780 si
2262 1717 2520 1799 propius

159 1800 341 1865 subire
402 1807 640 1887 posset,
709 1801 922 1885 gladio
981 1822 1209 1866 nervos
1270 1801 1569 1866 incidere.
1677 1802 1801 1865 iam
1870 1801 2083 1865 media
2150 1802 2321 1867 acies
2387 1802 2521 1867 fere
2560 1816 2590 1862 6

160 1889 334 1952 omnis
392 1910 432 1953 a
493 1888 703 1953 fronte
763 1896 1076 1972 prostrata
1135 1894 1289 1969 erat,
1352 1895 1415 1952 et
1483 1888 1765 1953 subsidia
1826 1889 2151 1953 circumita
2204 1890 2284 1953 ab
2345 1895 2522 1971 tergo

86 1976 131 2025 20
159 1973 584 2055 caedebantur,
646 1995 789 2039 cum
833 1975 900 2039 in
945 1982 1124 2058 parte
1169 1975 1297 2038 alia
1342 1974 1559 2059 fugam
1607 1995 1858 2039 suorum
1906 1983 1970 2039 et
2028 1995 2224 2059 prope
2269 1977 2394 2039 iam
2441 1975 2524 2040 ad

157 2058 277 2142 ipsa
319 2071 533 2127 castra
566 2062 901 2126 clamorem
948 2062 1316 2146 paventium
1362 2082 1684 2147 accepere.
1777 2080 2052 2145 namque
2098 2062 2448 2127 Antiochus
2479 2084 2520 2126 a
2558 2073 2586 2121 7

157 2145 356 2214 dextro
403 2170 620 2229 cornu,
683 2170 824 2213 cum
884 2150 972 2214 ibi
1036 2149 1271 2214 fiducia
1329 2149 1609 2214 fluminis
1661 2149 1834 2213 nulla
1895 2148 2179 2215 subsidia
2239 2156 2522 2214 cerneret

158 2243 382 2315 praeter
426 2243 724 2320 quattuor
769 2243 1007 2300 turmas
1054 2237 1354 2318 equitum,
1403 2243 1467 2301 et
1513 2255 1640 2316 eas,
1690 2235 1841 2299 dum
1886 2237 2210 2320 applicant
2257 2256 2326 2301 se
2373 2237 2524 2316 suiS,

159 2319 339 2402 ripam
383 2323 722 2402 nudantes,
769 2324 1078 2407 impetum
1123 2325 1188 2387 in
1235 2344 1375 2387 eam
1422 2329 1666 2406 partem
1715 2343 1857 2387 eum
1917 2323 2174 2388 auxiliis
2235 2334 2297 2387 et
2360 2330 2525 2386 cata-

89 2407 132 2455 25
161 2404 394 2486 phracto
426 2409 715 2492 equitatu
752 2409 931 2494 fecit3
981 2430 1101 2474 nec
1144 2430 1186 2474 a
1229 2410 1433 2474 fronte
1480 2415 1727 2473 tantum
1773 2409 2070 2488 instabat,
2105 2409 2219 2474 sed
2267 2409 2523 2474 circum·
2560 2421 2591 2469 8

159 2490 231 2555 ito
269 2515 306 2558 a
347 2495 612 2561 flumine
659 2516 852 2561 cornu
897 2497 1024 2560 iam
1069 2496 1153 2560 ab
1200 2496 1396 2560 latere
1439 2496 1727 2579 urgebat,
1777 2495 1981 2560 donee
2027 2495 2232 2581 fugati
2281 2495 2526 2577 equites

160 2579 425 2662 primum,
484 2582 634 2647 dein
681 2583 953 2666 proximi
998 2582 1285 2667 peditum
1344 2583 1541 2647 effuso
1589 2603 1773 2647 cursu
1820 2582 1903 2646 ad
1951 2590 2158 2647 castra
2219 2582 2526 2666 compulsi

162 2676 302 2732 sunt.
390 2670 634 2735 XLIII.
676 2670 975 2735 Praeerat
1021 2670 1241 2734 castris
1285 2669 1367 2733 M.
1401 2669 1708 2734 Aemilius
1762 2669 2051 2734 tribunus
2104 2670 2392 2751 militum,
2438 2670 2522 2734 M.
2567 2683 2593 2729 1

344 2846 392 2898 4.
441 2842 770 2897 subsidiaria
823 2858 966 2910 quae
1013 2842 1092 2910 M,
1139 2843 1219 2896 ed.
1254 2843 1428 2896 Basil.
1466 2845 1630 2907 1535,·
1686 2841 1999 2910 subsidiaq3
2051 2843 2114 2911 B,
2168 2841 2527 2910 subsidiaque

164 2937 286 2990 quae
322 2932 434 2987 cod.
462 2949 563 2986 ree.
589 2937 638 2984 et
674 2932 753 2984 ed.
772 2932 947 2999 prior.
982 2932 990 2993 Ι
1021 2927 1266 2996 proxime
1301 2928 1371 2995 M,
1405 2933 1442 2981 2
1479 2929 1594 2984 cod.
1619 2947 1719 2984 ree.
1747 2931 1968 2996 (Voss),
2005 2929 2251 2996 proximo
2282 2931 2416 2985 Lov.
2440 2934 2491 2983 2.
2518 2981 2521 2994 ,

165 3013 203 3064 8.
235 3011 491 3081 impetum
529 3017 936 3070 sustinuerunt:
972 3031 1100 3084 pars
1138 3030 1325 3068 eorum
1360 3013 1473 3067 fusi
1508 3019 1639 3068 sunt
1674 3017 1906 3086 Madvig]
1944 3018 2067 3071 Em.
2094 3017 2161 3070 L.
2180 3035 2239 3085 p.
2267 3020 2395 3077 532,·
2431 3015 2528 3068 im-

164 3104 330 3161 petum
372 3119 502 3171 pars
549 3118 737 3156 eorum
783 3102 1187 3155 sustinuerunt:
1234 3101 1325 3154 alii
1372 3100 1483 3154 fusi
1530 3107 1661 3154 sunt
1707 3105 1823 3158 cod.
1859 3110 1908 3157 et
1951 3104 2029 3157 ed.
2065 3110 2156 3157 vet.
2186 3104 2273 3169 (de
2308 3105 2526 3158 vocibus

164 3198 273 3250 pars
317 3203 505 3243 eorum
553 3193 791 3245 delendis
835 3192 1161 3259 coyitaverat
1207 3191 1452 3256 Crevier).
1488 3191 1495 3258 1
1528 3194 1576 3245 9.
1614 3190 2040 3258 tegimentorum
2077 3190 2138 3242 B.
2172 3194 2179 3251 Ι
2209 3189 2385 3258 pressi
2424 3190 2485 3244 B.
2516 3188 2523 3259 Ι

167 3280 277 3327 sunt
318 3280 459 3334 inter
506 3280 600 3333 lin.
626 3279 754 3333 add.
787 3278 849 3346 B,
888 3278 987 3332 del.
1023 3279 1070 3330 I.
1098 3277 1164 3330 F.
1198 3278 1520 3331 Gronovius.
1555 3277 1564 3344 Ι
1598 3279 1678 3331 10.
1726 3276 2025 3329 declinauit
2067 3276 2128 3329 B.
2163 3278 2171 3341 Ι
2202 3276 2331 3344 quia
2384 3276 2528 3328 inter

168 3357 206 3410 B
236 3370 280 3417 et
311 3369 557 3421 nonnuli.
585 3367 697 3421 cod.
724 3357 823 3420 ree.
850 3366 1069 3431 (Voss).
1104 3366 1111 3429 Ι
1144 3362 1331 3431 equite
1366 3363 1429 3430 B,
1467 3366 1547 3417 ed.
1577 3365 1756 3419 Basil.
1782 3368 1918 3417 1535
1953 3362 2112 3430 (M?)3
2158 3362 2372 3431 equites
2409 3364 2523 3418 eod.

168 3462 252 3501 rec.
276 3459 319 3504 et
355 3455 433 3507 ed.
453 3455 628 3522 prior.
662 3454 670 3518 Ι
707 3456 785 3508 11.
824 3456 881 3504 et
925 3466 1067 3519 quos
1110 3451 1363 3505 Gelenius
1401 3451 1547 3518 (MP),
1586 3452 1664 3504 ed.
1692 3452 1869 3505 Basil.
1897 3454 2061 3513 1535,·
2107 3465 2247 3517 quos
2290 3452 2382 3504 rel.
2412 3451 2525 3505 cod.

171 3530 241 3598 (B)
261 3544 304 3589 et
327 3540 405 3592 ed.
421 3542 595 3607 prior.
629 3541 636 3603 Ι
669 3538 840 3591 aciem
866 3543 1041 3590 terror
1065 3555 1166 3592 om.
1188 3536 1248 3590 B.
1283 3540 1289 3600 1
1326 3540 1405 3592 12.
1431 3537 1510 3590 ibi
1544 3537 1705 3590 simul
1732 3538 1844 3592 cod.
1858 3538 2105 3604 plerique
2129 3536 2215 3604 (B)
2240 3543 2288 3591 et
2315 3538 2394 3590 ed.
2416 3543 2529 3603 vet„

172 3622 230 3682 Cf·
249 3623 614 3681 Weissenborn
638 3627 716 3679 ed.
749 3627 972 3680 Weidm.
1000 3626 1127 3678 adn.
1148 3643 1208 3693 p.
1232 3630 1360 3684 230;
1397 3624 1494 3677 ubi
1532 3623 1700 3676 semel
1726 3623 1795 3690 M,
1822 3624 2006 3685 Hem,
2033 3624 2297 3693 Fueyner.
2324 3623 2330 3691 Ι
2360 3625 2436 3676 14.
2455 3622 2531 3673 in-

173 3705 329 3761 tulere
358 3714 469 3768 cod.
497 3720 545 3766 et
580 3714 659 3766 ed.
687 3719 809 3774 vet.‚·
848 3712 1116 3764 ·Intulere
1143 3713 1421 3781 SiyoniuS,
1447 3710 1610 3763 simul
1635 3708 1871 3762 intulere
1898 3711 2161 3779 Fueyner.
2186 3709 2192 3780 Ι
2217 3713 2300 3765 24.
2326 3708 2531 3762 nudan-

45 3829 50 3880 '
176 3789 235 3843 tis
266 3793 322 3848 B.
354 3800 362 3863 Ι
391 3802 475 3853 27.
512 3798 639 3851 dein
675 3799 746 3866 B,
784 3798 981 3851 deinde
1019 3799 1134 3854 eod.
1161 3816 1262 3853 rec.
1290 3804 1337 3851 et
1376 3799 1455 3851 ed.
1482 3805 1576 3852 vet.
1610 3799 1619 3864 Ι

263 3881 306 3923 Τ.
327 3883 414 3925 Liv.
445 3884 513 3925 VI.
569 3885 710 3926 Editio
739 3885 885 3925 maior.
2192 3886 2219 3932 7
