2925 4278
377 65 502 128 152
838 80 1061 134 Lissa
1098 81 1428 137 xxxvnl.
1467 81 1630 135 CAP.
1659 85 1742 137 29.
1769 85 1853 137 30.
1893 82 1964 150 [a.
1993 82 2058 136 U.
2085 97 2131 134 ο.
2157 82 2299 151 565}

373 258 728 339 quicquam,
778 276 899 338 quo
945 262 1056 320 aut
1101 277 1294 340 opera
1338 262 1447 321 aut
1492 256 1691 322 hostis
1734 257 1935 321 arceri
1967 263 2199 340 posset,
2245 256 2762 341 praetermissum

304 364 334 410 2
374 351 486 409 est.
578 343 825 408 duabus
886 348 1100 407 tamen
1153 344 1432 407 maxime
1486 343 1865 408 resistebant
1919 344 2125 425 rebus,
2190 364 2335 424 una,
2394 343 2762 408 interiorem

373 451 622 515 semper
666 431 848 494 iuxta
892 429 1173 493 validum
1219 451 1331 513 pro
1377 429 1584 494 diruto
1639 451 1872 495 novum
1918 431 2317 496 obstruentes
2363 450 2640 511 murum,
2686 431 2764 493 al-

371 525 524 598 tera,
567 516 1001 600 eruptionibus
1040 517 1265 582 subitis
1305 536 1475 581 nunc
1504 518 1568 581 in
1602 537 1793 601 opera
1822 517 2096 582 hostium
2127 537 2297 581 nunc
2327 517 2391 581 in
2423 517 2761 591 stationes:

304 625 334 671 3
373 610 435 669 et
487 605 856 688 plerumque
910 601 1010 667 his
1063 604 1316 687 proeliis
1372 605 1726 688 superiores
1772 610 1971 668 erant.
2062 624 2190 667 una
2240 603 2325 667 ad
2380 602 2766 670 coercendos
2824 614 2846 661 ὃ

370 692 650 771 inventa,
706 688 877 754 haud
922 710 1156 772 magna
1200 696 1568 771 memoratu,
1615 711 1717 756 res
1763 697 1872 755 est.
1969 696 2222 755 centum
2276 689 2637 755 funditores
2689 691 2765 754 ab

301 798 334 843 4
371 779 573 862 Aegio
606 784 669 842 et
699 776 904 840 Patris
945 782 1007 841 et
1038 777 1266 860 Dymis
1303 777 1506 842 acciti.
1583 798 1624 840 a
1668 778 1878 861 pueris
1924 777 1969 840 ii
2013 797 2185 842 more
2231 776 2512 859 quodam
2558 776 2767 862 gentis

372 865 546 929 saxis
590 864 888 947 globosis,
937 863 1164 946 quibus
1210 862 1409 928 ferme
1453 864 1732 929 harenae
1778 863 2084 929 immixtis
2129 870 2326 929 strata
2369 865 2564 928 litora
2604 870 2765 946 sunt,

303 972 333 1018 5
371 950 571 1015 funda
631 970 803 1014 mare
863 955 1151 1034 apertum
1214 950 1605 1016 incessentes
1666 953 2142 1016 exercebantur.
2237 951 2454 1033 itaque
2518 951 2767 1035 longius

372 1037 633 1103 certiore
665 1043 728 1101 et
758 1037 1062 1101 validiore
1107 1037 1238 1101 ictu
1285 1057 1475 1118 quam
1520 1038 1789 1101 Baliaris
1834 1037 2112 1102 funditor
2157 1058 2233 1103 eo
2277 1038 2404 1103 telo
2451 1038 2556 1103 usi
2605 1044 2762 1103 sunt.
2798 1046 2844 1092 10
2884 1112 2885 1119 ἵ

302 1147 331 1193 6
371 1131 433 1189 et
487 1130 582 1189 est
636 1145 762 1189 non
819 1123 1120 1207 simplicis
1174 1122 1486 1205 habenae,
1541 1131 1612 1188 ut
1662 1124 1976 1188 Baliarica
2030 1125 2421 1207 aliarumque
2478 1125 2766 1207 gentium

371 1211 591 1292 funda,
640 1209 752 1276 sed
798 1211 1030 1294 triplex
1077 1210 1336 1291 scutale,
1385 1210 1623 1276 crebris
1669 1210 1900 1276 suturis
1947 1210 2258 1291 duratum,
2307 1232 2388 1276 ne
2435 1211 2624 1276 fluxa
2667 1210 2765 1274 ha-

370 1299 540 1363 bena
600 1297 916 1362 volutetur
974 1297 1041 1360 in
1101 1297 1272 1362 iactu
1330 1298 1543 1381 glanS,
1601 1296 1713 1362 sed
1773 1298 2003 1362 librata
2063 1317 2204 1361 cum
2263 1296 2533 1378 sederit,
2600 1298 2767 1362 velut

302 1406 329 1452 7
369 1405 565 1450 nervo
610 1385 807 1449 missa
851 1385 1225 1448 excutiatur.
1319 1403 1583 1449 coronas
1627 1384 1859 1448 modici
1905 1384 2120 1448 circuli
2172 1404 2402 1467 magno
2453 1404 2541 1448 ex
2588 1384 2765 1448 inter-

369 1473 535 1536 vallo
580 1471 702 1535 loci
747 1471 984 1535 assueti
1028 1471 1293 1535 traicere
1339 1491 1465 1534 non
1512 1471 1723 1554 capita
1768 1471 1969 1536 solum
2000 1470 2276 1535 hostium
2314 1470 2759 1548 vulnerabant,
2795 1475 2844 1522 15
2884 1498 2885 1555 y

302 1578 333 1624 8
371 1558 484 1622 sed
542 1578 729 1639 quem
783 1558 987 1621 locum
1043 1557 1469 1622 destinassent
1524 1558 1665 1622 oris.
1757 1557 1878 1622 hae
1937 1556 2175 1622 fundae
2235 1557 2547 1622 Samaeos
2611 1555 2761 1622 cohi·
2884 1562 2885 1577 ¹

370 1644 661 1723 buerunt,
714 1663 797 1707 ne
841 1649 969 1707 tam
1017 1644 1234 1708 crebro
1281 1663 1443 1708 neve
1490 1650 1621 1708 tam
1665 1643 1965 1709 audacter
2011 1649 2432 1727 erumperent,
2490 1643 2658 1708 adeo
2700 1648 2762 1706 ut

368 1735 777 1814 precarentur
832 1750 913 1794 ex
969 1731 1162 1794 muris
1216 1731 1533 1811 Achaeos,
1588 1736 1659 1795 ut
1711 1751 2049 1815 parumper
2103 1729 2528 1795 abscederent
2586 1736 2649 1794 et
2700 1747 2762 1793 se

302 1837 331 1883 9
372 1837 512 1881 cum
558 1816 859 1880 Romanis
905 1817 1280 1882 stationibus
1324 1825 1686 1901 pugnantes
1732 1818 1943 1899 quiete
1997 1823 2374 1901 spectarent.
2471 1822 2762 1899 quattuor

368 1923 619 1968 menses
674 1902 1068 1968 obsidionem
1125 1904 1314 1970 Same
1367 1905 1684 1969 sustinuit.
1778 1925 1920 1969 cum
1976 1925 2059 1968 ex
2112 1904 2331 1988 paucis
2377 1903 2617 1969 cotidie
2660 1902 2759 1966 ali·
2791 1906 2840 1953 20
2884 1924 2885 1927 ¹

370 1991 477 2072 qui
533 2010 748 2055 eorum
805 1988 1103 2054 caderent
1156 1999 1265 2054 aut
1317 1992 1816 2071 vulnerarentur,
1866 1998 1948 2072 et,
1997 1991 2103 2073 qui
2158 1997 2556 2074 supererant,
2614 1988 2758 2055 fessi

270 2097 333 2146 1o
371 2084 435 2142 et
479 2077 845 2161 corporibus
891 2083 954 2142 et
997 2076 1228 2143 animis
1274 2084 1506 2159 essent,
1562 2077 1832 2143 Romani
1887 2085 2071 2143 nocte
2125 2097 2238 2162 per
2282 2094 2529 2159 arcem,
2578 2096 2759 2161 quam

371 2164 770 2249 Cymatidem
816 2171 1048 2229 vocant
1091 2203 1177 2211 —
1222 2186 1370 2229 nam
1418 2166 1568 2230 urbs
1614 2166 1679 2229 in
1726 2185 1899 2229 mare
1945 2165 2198 2230 devexa
2248 2164 2316 2228 in
2363 2165 2757 2230 occidentem

270 2273 329 2318 11
371 2252 577 2335 vergit
620 2290 706 2298 —
757 2272 933 2316 muro
995 2258 1288 2336 superato
1348 2251 1415 2315 in
1479 2252 1686 2317 forum
1746 2259 2189 2335 pervenerunt.
2281 2252 2541 2318 Samaei
2601 2255 2757 2336 post-

368 2359 557 2420 quam
603 2345 850 2422 captam
896 2346 1139 2422 partem
1185 2338 1359 2404 urbis
1404 2340 1486 2403 ab
1534 2337 1821 2404 hostibus
1877 2343 2228 2418 senserunt,
2286 2359 2428 2403 cum
2487 2335 2753 2419 coniugi·
2784 2337 2834 2386 25
2884 2369 2885 2374 κ

368 2426 484 2489 bus
537 2446 613 2490 ac
664 2425 880 2491 liberis
934 2425 1001 2489 in
1055 2425 1356 2490 maiorem
1409 2425 1779 2510 refugerunt
1830 2445 2059 2489 arcem.
2150 2424 2300 2489 inde
2355 2432 2613 2509 postero
2657 2422 2755 2488 die

367 2510 562 2576 dediti
610 2511 857 2595 direpta
901 2514 1057 2577 urbe
1102 2512 1217 2576 sub
1265 2532 1494 2576 corona
1538 2532 1758 2577 omnes
1803 2512 2154 2576 venierunt.

302 2620 326 2666 1
573 2599 782 2662 XXX.
833 2597 1067 2663 Consul
1113 2599 1476 2682 compositis
1520 2600 1709 2664 rebus
1756 2598 2224 2682 Cephallaniae,
2279 2599 2601 2682 praesidio
2655 2597 2755 2661 Sa-

370 2704 510 2748 mae
539 2684 853 2769 impositO,
893 2685 959 2748 in
990 2685 1497 2768 Peloponnesum
1537 2685 1664 2749 iam
1696 2684 1805 2748 diu
1835 2684 2304 2749 accersentibus
2333 2683 2752 2769 Aegiensibus

580 2877 624 2929 1.
662 2878 855 2942 posset
893 2876 1067 2943 pauci
1112 2876 1226 2929 cod.
1264 2892 1365 2929 rec.
1401 2877 1560 2941 (Lov.
1587 2876 1645 2941 2)
1682 2882 1730 2929 et
1766 2877 1844 2929 ed.
1878 2882 1972 2929 vet.
2011 2893 2145 2943 quas
2181 2876 2298 2928 vidi
2333 2893 2541 2940 omnes,·
2585 2869 2751 2942 possit

349 2961 484 3015 rod.
502 2964 749 3031 plerique
773 2961 873 3028 (B).
909 2963 916 3026 Ι
948 2957 1135 3016 211ηέ
1168 2962 1230 3014 B.
1264 2964 1272 3028 Ι
1305 2964 1353 3016 6.
1390 2961 1529 3015 haut
1563 2964 1623 3016 B.
1658 2964 1666 3028 Ι
1697 2978 1899 3029 magna
1935 2962 2006 3029 M,
2044 2962 2250 3023 Aldus,·
2286 2980 2385 3017 om.
2412 2964 2504 3016 rel.
2533 2962 2645 3018 cod.
2670 2957 2748 3025 (B)

368 3055 418 3102 et
461 3050 539 3102 ed.
567 3051 743 3117 prior.
777 3049 786 3113 Ι
818 3051 1124 3101 memoratu
1160 3048 1284 3116 BM,
1323 3050 1530 3111 Aldus,·
1577 3053 1876 3101 memorata
1921 3049 2035 3104 cod.
2060 3065 2162 3102 rec.
2187 3054 2236 3101 et
2260 3048 2339 3101 ed.
2367 3050 2542 3116 prior.
2577 3051 2585 3113 Ι
2618 3050 2663 3100 7.
2697 3041 2748 3096 hi

368 3136 427 3188 B.
462 3136 469 3202 Ι
500 3149 650 3197 more
686 3134 960 3201 quondam
997 3135 1059 3188 B.
1093 3142 1101 3195 Ι
1132 3139 1180 3190 8.
1219 3135 1422 3203 harene
1459 3137 1521 3189 B.
1555 3138 1563 3202 Ι
1594 3139 1642 3191 9.
1681 3134 1928 3203 longiore
1964 3135 2058 3188 B¹.
2093 3135 2099 3202 Ι
2135 3138 2214 3190 10.
2240 3134 2473 3188 certiore
2511 3136 2623 3191 cod.
2642 3132 2744 3201 ple-

366 3223 520 3290 rique
563 3223 648 3289 (B)
694 3228 743 3275 et
788 3222 868 3275 ed.
904 3222 1221 3291 antiquiss.,·
1269 3221 1585 3290 certiusque
1631 3221 1702 3286 M,
1741 3224 1994 3291 Moyumt.
2027 3223 2035 3288 Ι
2070 3223 2150 3276 12.
2188 3225 2348 3274 scuta
2382 3219 2616 3275 lecebris
2651 3212 2739 3282 Β.Ι

372 3312 448 3363 17.
474 3324 575 3361 nec
598 3313 713 3361 tam
738 3308 1007 3361 audacter
1030 3309 1075 3361 B
1103 3316 1152 3363 et
1176 3314 1210 3363 3
1235 3310 1348 3365 cod.
1369 3327 1469 3364 rec.
1492 3310 1648 3375 (Lov.
1674 3310 1748 3375 2).
1782 3310 1788 3377 Ι
1826 3311 1905 3363 18.
1930 3311 1993 3360 ut
2014 3322 2308 3375 parumper
2343 3308 2458 3362 cod.
2479 3325 2579 3363 rec.
2599 3312 2647 3360 et
2668 3302 2739 3357 ed.

367 3402 492 3463 vet.;
537 3411 828 3463 parumper
863 3396 924 3448 B.
958 3399 966 3461 1
1001 3399 1081 3451 19.
1121 3396 1419 3464 pugnantis
1455 3396 1518 3451 B.
1552 3397 1560 3463 Ι
1592 3399 1674 3451 20.
1713 3394 1941 3448 cottidie
1982 3395 2044 3447 B.
2080 3398 2086 3459 Ι
2118 3397 2202 3450 21.
2239 3398 2562 3462 supererant
2595 3388 2739 3454 MB’,

366 3484 613 3537 nomzull.
634 3484 746 3537 cod.
768 3500 867 3537 rec.
891 3483 1117 3549 (Harl),
1154 3483 1364 3549 Aldu35
1399 3486 1724 3550 superarent
1759 3483 1874 3537 cod.
1900 3499 1999 3536 rec.
2027 3488 2075 3535 et
2098 3482 2179 3534 ed.
2200 3483 2392 3549 prior„
2419 3477 2741 3549 superabant

368 3567 462 3620 B¹.
496 3570 503 3632 Ι
534 3571 617 3623 23.
656 3568 1003 3633 Cymatidem
1040 3571 1179 3625 coni.
1211 3571 1587 3624 Weissenborn
1595 3590 1615 3637 ;
1650 3567 2000 3637 cyneatidem
2028 3568 2100 3635 M,
2125 3567 2402 3637 cyatidem
2426 3568 2487 3621 B.
2521 3569 2529 3635 Ι
2561 3570 2639 3623 28.
2663 3577 2737 3616 ce-

369 3653 624 3722 phalanie
659 3655 721 3707 B.
755 3657 763 3719 Ι
795 3653 992 3707 Samae
1030 3656 1109 3709 ed.
1135 3657 1313 3710 Basil.
1341 3659 1505 3718 1531;
1553 3670 1702 3709 same
1739 3656 1810 3723 M,
1848 3656 2044 3722 Aldus,
2082 3673 2182 3710 om.
2208 3657 2298 3709 rel.
2327 3656 2439 3710 cod.
2466 3654 2553 3724 (B)
2589 3659 2635 3707 et
2665 3648 2734 3703 ed.

369 3743 654 3809 antiquiss.
689 3742 696 3807 Ι
728 3743 810 3795 29.
849 3740 1279 3808 peloponensum
1317 3741 1379 3794 B.
1412 3741 1421 3809 Ι
