2925 4278
611 148 834 200 LIBER
871 148 1169 202 xxxvn.
1209 147 1375 201 CAP.
1403 152 1451 201 6.
1481 151 1528 201 7.
1569 147 1642 215 [a.
1669 148 1733 202 U.
1760 162 1805 200 e.
1837 148 1975 215 564].
2402 130 2483 193 57

125 338 231 383 nec
269 319 577 402 legatione
621 319 1105 385 Atheniensium
1166 340 1286 384 nec
1347 319 1597 403 placido
1641 318 1931 383 Africani
1990 338 2293 402 responso
2353 338 2489 401 pro·

123 405 334 469 fectum
380 405 684 471 videbant
742 444 847 487 —,
909 406 1145 471 referre
1191 406 1276 470 ad
1336 426 1483 471 suos
1544 405 1842 469 dixerunt
1899 405 2081 469 velle.
2176 405 2316 468 VII.
2366 405 2482 467 Re·
2561 417 2584 462 1

123 490 303 554 ditum
333 491 479 555 inde
511 493 835 575 Hypatam
869 498 982 571 est,
1015 512 1133 557 nec
1167 492 1496 557 consilium
1530 491 2021 574 expediebatur3
2069 511 2220 554 nam
2259 510 2488 571 neque,

122 576 273 641 unde
315 578 482 641 mille
539 579 843 642 talentum
904 577 1179 659 daretur,
1243 584 1396 657 erat,
1456 585 1519 642 et
1582 578 1889 661 permisso
1950 578 2148 642 libero
2207 576 2488 656 arbitriO,

64 684 91 729 5
122 684 191 727 ne
230 664 291 727 in
336 684 600 747 corpora
644 684 758 729 sua
804 665 1172 744 saeviretur,
1222 666 1607 728 metuebant.
1701 663 1908 728 redire
1969 664 2184 744 itaque
2230 661 2486 728 eosdem
2562 674 2592 719 2

122 749 337 832 legatos
395 750 482 813 ad
546 752 866 815 consulem
928 757 992 815 et
1049 750 1419 815 Africanum
1481 750 1798 815 iusserunt
1858 756 1921 814 et
1987 756 2223 833 petere,
2286 755 2374 827 ut,
2438 748 2491 812 si

120 834 253 899 dare
294 857 442 900 vere
491 857 735 919 pacem,
781 858 911 902 non
957 843 1201 900 tantum
1248 836 1604 916 ostendere,
1651 837 2028 900 frustrantes
2088 855 2268 918 spem
2311 834 2493 897 mise-

120 941 324 1001 rorum,
369 923 630 1004 vellent,
679 930 789 987 aut
835 943 917 987 ex
965 943 1212 987 summa
1255 923 1568 1007 pecuniae
1614 921 1942 987 demerent
1986 928 2097 985 aut
2141 920 2496 1004 permissio-

120 1028 245 1072 nem
325 1015 511 1073 extra
597 1009 830 1073 civium
915 1030 1175 1092 corpora
1262 1009 1396 1073 fieri
1457 1010 1768 1075 iuberent.
1863 1008 2019 1072 nihil
2088 1009 2491 1091 impetratum
2566 1018 2597 1065 3

43 1113 90 1158 10
120 1100 177 1156 ut
216 1102 482 1159 mutaret
532 1096 784 1179 consul;
835 1101 897 1160 et
944 1116 1021 1160 ea
1065 1116 1316 1177 quoque
1363 1096 1537 1159 irrita
1583 1095 1817 1177 legatio
1878 1094 2141 1159 dimissa
2198 1100 2309 1157 est.
2405 1112 2494 1155 se·
2567 1103 2600 1149 4

120 1181 227 1244 cuti
269 1188 330 1245 et
372 1181 802 1247 Athenienses
850 1189 1036 1265 sunt3
1087 1189 1150 1247 et
1195 1183 1492 1265 princeps
1554 1180 1891 1262 legationis
1948 1201 2162 1245 eorum
2216 1177 2497 1246 Echede-

119 1286 239 1331 mus
278 1266 584 1351 fatigatos
629 1275 721 1332 tot
765 1268 1036 1352 repulsis
1080 1269 1338 1334 Aetolos
1384 1275 1448 1332 et
1496 1268 1957 1349 complorantes
2002 1265 2210 1329 inutili
2264 1266 2496 1328 lamen-

120 1352 332 1417 tatione
377 1354 703 1419 fortunam
748 1355 960 1436 gentis
1004 1354 1087 1417 ad
1134 1375 1313 1438 spem
1379 1353 1705 1418 revocavit
1764 1359 1981 1416 auctor
2041 1350 2319 1415 indutias
2381 1370 2496 1414 sex

119 1440 404 1504 mensium
451 1440 736 1524 petendi,
783 1446 853 1504 ut
898 1442 1142 1522 legatos
1189 1441 1436 1504 mittere
1482 1442 1748 1503 Romam
1781 1445 2075 1521 possent:
2131 1437 2499 1501 dilationem
2571 1447 2601 1494 5

48 1542 93 1588 15
121 1523 255 1588 nihil
297 1526 380 1590 ad
427 1528 794 1611 praesentia
840 1527 1026 1606 mala,
1078 1527 1311 1610 quippe
1359 1547 1524 1608 quae
1555 1526 1779 1589 ultima
1811 1531 2042 1605 essent,
2075 1524 2497 1605 adiecturam3

122 1610 291 1676 levari
346 1635 465 1696 per
523 1614 751 1678 multos
821 1633 1007 1678 casus
1069 1620 1352 1696 tempore
1413 1611 1785 1695 interposito
1846 1617 2217 1694 praesentes
2288 1609 2503 1674 clades

121 1716 297 1778 posse.
390 1706 655 1764 auctore
715 1700 1076 1765 Echedemo
1145 1700 1316 1764 idem
1378 1699 1589 1781 missi3
1653 1698 1828 1781 prius
1899 1698 1965 1761 P.
2001 1697 2299 1780 Scipione
2362 1716 2502 1760 con-
2574 1707 2605 1753 6

123 1791 307 1864 vent0,
354 1806 472 1869 per
521 1806 666 1850 eum
712 1786 990 1850 indutias
1036 1786 1337 1870 temporis
1385 1786 1540 1865 eius,
1600 1784 1769 1867 quod
1830 1785 2156 1868 petebant,
2217 1784 2299 1847 ab
2364 1802 2501 1846 con-

124 1870 235 1934 sule
276 1871 797 1956 impetraverunt.
892 1878 955 1935 et
1014 1872 1218 1935 soluta
1264 1871 1596 1936 obsidione
1659 1871 2042 1955 Amphissae
2101 1871 2204 1934 Μ’.
2239 1869 2498 1948 Acilius,
2577 1880 2604 1926 7

50 1971 98 2017 20
125 1955 327 2022 tradito
375 1958 626 2024 consuli
674 1958 977 2038 exercitu,
1040 1958 1368 2041 provincia
1430 1958 1747 2039 decessit;
1812 1964 1874 2021 et
1935 1956 2153 2022 consul
2214 1956 2296 2018 ab
2357 1955 2503 2018 Am-

125 2040 314 2122 phissa
356 2044 760 2110 Thessaliam
806 2045 1054 2128 repetit,
1087 2051 1158 2108 ut
1203 2065 1319 2128 per
1363 2043 1805 2108 Macedoniam
1846 2042 2349 2123 Thraeciamque
2395 2039 2503 2103 du-

127 2137 272 2195 ceret
313 2132 379 2196 in
428 2132 673 2196 Asiam.

307 2219 474 2282 Tum
530 2217 871 2282 Africanus
937 2217 1115 2281 fratri
1175 2218 1352 2301 „iter,
1416 2217 1587 2299 quod
1646 2217 1907 2295 insistiS,
1970 2217 2039 2279 L.
2090 2214 2322 2297 ScipiO,
2382 2234 2502 2295 ego
2577 2225 2607 2271 8

129 2317 350 2382 quoque
410 2304 735 2387 approb03
800 2304 913 2368 sed
973 2310 1174 2367 totum
1236 2303 1301 2368 id
1364 2304 1631 2368 vertitur
1691 2304 1757 2367 in
1817 2303 2144 2368 voluntate
2204 2300 2503 2382 Philippi,
2578 2312 2609 2358 9

56 2399 103 2446 25
131 2386 221 2464 qui
262 2388 313 2451 si
357 2390 626 2471 imperio
672 2396 884 2454 nostro
931 2389 1097 2453 fidus
1144 2397 1258 2469 est,
1323 2397 1385 2453 et
1447 2390 1567 2454 iter
1613 2396 1676 2454 et
1723 2396 2111 2454 commeatus
2157 2392 2220 2450 et
2273 2385 2503 2463 omnia,

132 2490 270 2551 quae
328 2475 395 2538 in
443 2476 637 2557 longo
697 2475 924 2539 itinere
985 2476 1302 2540 exercitus
1368 2476 1548 2538 alunt
1608 2475 1976 2556 iuvantque,
2038 2473 2221 2537 nobis
2282 2490 2506 2553 suppe-

131 2555 366 2645 ditabit3
417 2562 476 2626 si
521 2561 576 2625 is
621 2561 943 2640 destituat,
985 2561 1143 2624 nihil
1187 2581 1301 2643 per
1344 2561 1722 2625 Thraeciam
1769 2562 1922 2625 satis
1967 2565 2169 2623 tutum
2214 2556 2503 2621 habebis.

52 2671 57 2676 ·
131 2642 321 2726 itaque
363 2647 546 2732 prius
589 2647 760 2729 regis
806 2647 1089 2710 animum
1122 2647 1439 2729 explorari
1473 2646 1698 2729 placet.
1775 2646 2011 2728 optime
2052 2642 2504 2728 explorabitur,
2550 2655 2612 2702 10

316 2841 366 2893 2.
408 2836 589 2890 refero
622 2837 684 2890 B.
719 2838 726 2900 1
759 2838 807 2889 4.
846 2835 1019 2888 libero
1064 2835 1293 2888 arbitrio
1338 2833 1666 2888 metuebant
1713 2834 1892 2888 redire
1938 2850 2007 2888 ne
2048 2834 2104 2887 in
2140 2848 2371 2900 corpora
2407 2846 2510 2885 sua

134 2922 426 2977 saeuiretur
460 2923 651 2989 itaque
688 2922 759 2973 M.
791 2923 800 2986 1
833 2925 880 2976 5.
918 2920 1096 2973 redire
1133 2924 1183 2975 h.
1213 2923 1245 2975 l.
1273 2922 1352 2974 ed.
1380 2923 1559 2975 Basil.
1587 2925 1725 2974 1535
1761 2925 1858 2989 (ef.
1883 2922 1938 2974 Μ
1974 2921 2012 2990 ἕ
2049 2922 2130 2987 1),·
2164 2920 2355 2972 uenire
2393 2917 2509 2974 eod.

134 3004 207 3072 (Β)
238 3017 283 3063 et
317 3013 401 3066 ed.
428 3011 714 3077 antiquiss.
749 3008 757 3074 Ι
793 3012 872 3062 11.
904 3006 1252 3061 Echedemus
1288 3007 1360 3075 M,
1397 3009 1478 3061 ed.
1504 3009 1683 3062 Basil.
1710 3012 1873 3075 1535;
1907 3006 2224 3061 echidemus
2261 3005 2374 3059 cod.
2395 3005 2512 3071 ple-

135 3093 266 3161 rique
303 3097 388 3165 (B,
428 3097 564 3151 Lov.
597 3098 654 3160 2)
699 3101 748 3148 et
793 3096 871 3149 sic
916 3097 978 3147 in
1022 3111 1125 3163 seq.
1160 3095 1168 3158 Ι
1204 3097 1283 3149 12.
1331 3093 1724 3160 complorantis
1768 3093 1829 3145 B.
1862 3094 1870 3160 Ι
1906 3096 1985 3148 14.
2023 3092 2241 3144 mittere
2277 3090 2513 3141 Romam

137 3176 196 3244 B3
229 3197 435 3237 romam
480 3181 700 3234 mittere
745 3181 860 3235 eod.
886 3197 984 3236 ree.
1012 3187 1062 3234 et
1096 3182 1177 3234 ed.
1204 3187 1299 3234 vet.
1333 3182 1340 3245 Ι
1375 3184 1455 3235 15.
1495 3178 1775 3232 adiectum
1809 3180 1871 3231 B.
1905 3180 1912 3246 Ι
1947 3182 2027 3234 16.
2065 3174 2370 3244 praesentis
2405 3173 2469 3225 B.
2500 3172 2507 3241 Ι

141 3266 207 3319 17.
240 3267 369 3322 item
417 3267 573 3321 missi
619 3267 666 3319 B
713 3273 762 3320 et
806 3285 908 3322 ree.
948 3269 1248 3335 eomplwres
1295 3267 1453 3331 (Lov.
1489 3267 1562 3329 2).
1597 3266 1604 3330 Ι
1650 3268 1730 3320 18.
1777 3263 1849 3317 ab
1894 3280 2042 3318 cons.
2076 3264 2123 3316 B
2167 3270 2216 3317 et
2261 3264 2376 3317 eod.
2410 3280 2509 3317 ree.

140 3353 277 3409 (Lov.
301 3361 354 3425 2,
388 3356 565 3421 Voss.)
590 3356 659 3423 ef.
687 3355 943 3422 Fueyner
968 3354 1102 3407 Leae.
1130 3354 1254 3406 Liv.
1274 3370 1332 3421 p.
1356 3357 1452 3418 12;
1489 3368 1523 3404 a
1558 3366 1710 3404 cons.
1737 3352 1809 3404 al.
1830 3367 1930 3405 rec.
1951 3357 1999 3404 et
2023 3351 2101 3404 ed.
2123 3356 2218 3405 vet.
2252 3350 2261 3413 1
2297 3351 2377 3404 19.
2404 3363 2513 3401 am·

142 3436 309 3502 phisae
334 3460 404 3496 m.
431 3440 626 3495 acilius
650 3440 712 3493 B.
747 3443 755 3507 Ι
786 3443 870 3494 21.
896 3439 1262 3506 thraeciamq3
1299 3438 1361 3490 B.
1395 3440 1402 3504 Ι
1434 3441 1518 3492 25.
1557 3436 1701 3490 fidus
1728 3439 1844 3493 eod.
1868 3436 1958 3504 (B)
1982 3443 2030 3490 et
2066 3438 2145 3490 ecl.
2173 3442 2267 3490 vet.
2279 3455 2298 3502 ,-
2333 3433 2513 3487 fidelis

145 3521 200 3590 Μ,
232 3529 472 3599 Madviq,
512 3530 697 3594 Hertz,
736 3527 830 3581 sed
866 3529 936 3593 cf.
964 3527 1044 3580 M.
1072 3527 1306 3580 Mueller
1332 3542 1521 3593 proyr.
1551 3525 1794 3580 Stenclal.
1821 3527 1961 3576 1888
1987 3540 2044 3591 p.
2073 3527 2153 3576 10.
2189 3524 2197 3588 Ι
2228 3525 2311 3576 27.
2350 3519 2515 3573 desti·

145 3610 250 3664 tuat
280 3617 393 3670 eod.
413 3616 662 3684 plerique
698 3613 779 3680 (B,
818 3614 952 3668 Lov.
976 3617 1028 3676 2,
1064 3612 1252 3678 Voss),
1291 3615 1360 3679 cf.
1397 3613 1776 3665 Weissenborn
1811 3610 1892 3662 ed.
1929 3610 2153 3662 Weidm.
2171 3627 2229 3677 p.
2259 3611 2389 3673 1705
2424 3605 2516 3658 de-

148 3695 305 3752 stituit
356 3706 389 3753 4
443 3702 559 3756 cocl.
606 3718 734 3766 rec,
800 3701 882 3754 M.
929 3701 1177 3752 Mueller.
1230 3702 1237 3763 Ι
1287 3701 1369 3753 28.
1422 3695 1697 3764 explorari
1752 3695 1960 3762 optime
2023 3694 2204 3760 placet
2267 3691 2516 3759 explora-

151 3779 276 3838 bitur
311 3788 377 3840 M.
413 3792 419 3852 Ι
