2925 4278
144 700 177 747 ὃ

109 1132 178 1179 10

108 1563 179 1610 15

107 1997 183 2044 20

108 2429 182 2478 25

109 2864 182 2912 30

682 162 909 216 LIBER
945 160 1273 217 XXXVIII.
1312 158 1481 215 CAP.
1507 163 1588 216 50.
1615 161 1698 215 51.
1739 159 1807 227 [a.
1834 157 1898 212 U.
1925 174 1971 211 c.
1999 158 2143 245 5671.
2478 141 2597 205 177

214 339 344 421 alii,
404 338 727 404 neminem
787 356 983 401 unum
1042 341 1288 399 tantum
1344 335 1620 401 eminere
1675 334 1878 398 civem
1933 331 2185 414 debere,
2240 338 2309 396 ut
2363 332 2610 416 legibus
2682 343 2713 390 8

215 425 591 510 interrogari
635 445 763 489 non
808 423 1035 507 possit;
1082 421 1242 486 nihil
1286 427 1416 486 tam
1462 420 1834 503 aequandae
1880 419 2186 484 libertatis
2233 439 2372 484 esse
2420 439 2609 500 quam

213 512 726 599 potentissimum
771 528 1086 592 quemque
1130 527 1318 594 posse
1372 507 1584 574 dicere
1638 528 1912 573 causam.
2006 506 2156 589 quid
2208 512 2422 570 autem
2475 512 2608 571 tuto
2682 517 2712 564 9

218 600 535 682 cuiquam,
587 596 826 663 nedum
878 595 1188 661 summa'm
1241 616 1374 660 rem
1426 595 1768 679 publicam,
1821 594 2119 679 permitti,
2174 593 2227 658 si
2278 592 2437 657 ratio
2483 612 2611 656 non

217 688 303 753 sit
347 684 715 752 reddenda?
764 684 871 766 qui
916 684 1015 749 ius
1059 702 1331 764 aequum
1375 682 1509 767 pati
1554 702 1681 747 non
1727 681 1946 765 possit,
1993 682 2058 744 in
2106 699 2249 744 eum
2281 680 2409 743 vim
2438 678 2612 743 haud

218 774 521 838 iniustam
574 791 731 837 esse.
823 769 983 837 haec
1034 769 1276 854 agitata
1328 769 1743 850 sermonibus,
1798 767 1997 832 donec
2052 765 2188 830 dies
2243 785 2471 831 0311830
2524 765 2611 829 di·
2653 778 2714 825 10

218 859 461 926 cendae
522 859 731 924 venit.
810 877 930 922 nec
990 856 1149 921 alius
1208 862 1398 920 antea
1458 855 1791 937 quisquam
1852 873 1970 918 nec
2035 853 2140 918 ille
2199 852 2338 936 ipse
2399 852 2611 936 Scipio

217 946 437 1012 consul
483 964 788 1010 censorve
834 944 1070 1008 maiore
1115 943 1321 1007 omnis
1358 943 1613 1026 generis
1643 941 1967 1005 hominum
1998 940 2372 1021 frequentia,
2420 958 2611 1021 quam

216 1053 363 1098 reus
407 1033 514 1097 illo
562 1030 665 1095 die
710 1031 776 1095 in
809 1030 1026 1095 ¹forum
1074 1036 1169 1095 est
1216 1028 1542 1093 deductus.
1635 1029 1842 1093 iussus
1896 1026 2105 1091 dicere
2161 1046 2417 1091 causam
2472 1026 2610 1090 sine
2656 1041 2710 1084 11

217 1119 348 1183 ulla
393 1118 723 1182 criminum
769 1117 1090 1187 mentione
1136 1116 1485 1181 orationem
1523 1112 1685 1179 adeo
1717 1113 2122 1197 magnificam
2171 1111 2250 1177 de
2295 1114 2484 1178 rebus
2527 1113 2610 1176 ab

217 1226 289 1271 se
318 1205 517 1289 gestis
559 1210 654 1269 est
687 1224 971 1285 exorsuS,
1017 1209 1086 1267 ut
1132 1203 1286 1268 satis
1333 1208 1648 1267 constaret
1694 1201 2014 1265 neminem
2059 1219 2359 1281 umquam
2404 1219 2611 1280 neque

216 1292 444 1357 melius
489 1311 698 1373 neque
743 1291 953 1355 verius
998 1289 1324 1354 laudatum
1370 1308 1529 1354 esse.
1622 1288 1994 1352 dicebantur
2049 1286 2218 1350 enim
2272 1287 2354 1350 ab
2402 1308 2468 1349 eo
2516 1305 2611 1351 00-
2654 1299 2716 1344 12

218 1377 367 1443 dem
425 1377 638 1442 animo
697 1377 1098 1461 ingenioque,
1162 1397 1285 1459 quo
1345 1381 1530 1459 gesta
1590 1381 1789 1456 erant,
1859 1381 1922 1439 et
1979 1373 2225 1437 aurium
2288 1371 2611 1437 fastidium
2722 1372 2725 1375 ’

218 1467 459 1546 3110131,
509 1463 659 1546 01113
702 1484 816 1548 pro
860 1464 1158 1548 periculo,
1204 1484 1332 1528 non
1376 1463 1443 1526 in
1490 1462 1754 1546 gloriam
1799 1461 2252 1526 referebantur.
2331 1460 2434 1523 LI.
2482 1459 2613 1522 Tri·
2691 1474 2715 1518 1

220 1551 377 1616 buni
406 1557 627 1616 vetera
656 1551 947 1615 luxuriae
990 1551 1253 1615 crimina
1292 1549 1836 1633 Syracusanorum
1868 1547 2271 1612 hibernorum
2306 1551 2368 1609 et
2398 1545 2614 1610 Locris

218 1638 685 1703 Pleminianum
716 1638 1050 1701 tumultum
1090 1657 1231 1701 cum
1276 1635 1360 1700 ad
1405 1635 1601 1701 fidem
1644 1634 2073 1720 praesentium
2120 1632 2451 1697 criminum
2496 1638 2613 1696 ret-

219 1726 529 1806 tulissent,
578 1724 1043 1808 suspicionibus
1087 1723 1291 1806 magis
1337 1743 1529 1805 quam
1580 1722 1972 1805 argumentis
2026 1719 2335 1805 pecuniae
2390 1726 2613 1802 captae

219 1833 397 1876 reum
441 1816 847 1881 accusarunt:
902 1810 1101 1874 filium
1154 1817 1406 1893 captum
1459 1809 1598 1874 sine
1652 1809 1853 1894 pretio
1907 1807 2243 1887 redditum,
2298 1806 2612 1871 omnibus·
2684 1820 2714 1866 2

223 1918 344 1981 que
396 1898 540 1963 aliis
591 1899 782 1963 rebus
842 1896 1225 1981 Scipionem,
1286 1902 1610 1979 tamquam
1672 1897 1737 1961 in
1793 1896 1927 1960 eius
1980 1894 2167 1958 unius
2226 1913 2421 1957 manu
2481 1913 2610 1977 pax

221 1988 508 2050 Romana
559 1985 922 2067 bellumque
976 1990 1160 2064 esset,
1215 1984 1296 2047 ab
1349 1983 1665 2049 Antiocho
1719 1983 1982 2066 cultum3
2037 1980 2411 2045 dictatorem
2465 2000 2610 2044 eum
2683 1995 2714 2040 3

219 2071 481 2153 consuli,
536 2092 664 2136 non
717 2072 998 2156 legatum
1053 2071 1119 2135 in
1173 2069 1500 2154 provincia
1554 2070 1775 2155 fuisse3
1832 2089 1953 2135 nec
1996 2067 2078 2132 ad
2123 2067 2314 2131 aliam
2359 2086 2491 2130 rem
2538 2086 2613 2131 eo

217 2159 591 2244 profectum,
639 2180 829 2241 quam
875 2165 963 2240 ut,
1020 2157 1086 2223 id
1133 2156 1301 2239 quod
1355 2158 1704 2240 Hispaniae
1760 2157 2003 2222 Galliae
2060 2154 2313 2221 Siciliae
2358 2153 2612 2218 Africae

219 2246 347 2309 iam
391 2245 640 2329 pridem
684 2265 1055 2330 persuasum
1101 2251 1289 2324 esset,
1335 2241 1455 2307 hoc
1503 2243 1805 2308 Graeciae
1850 2243 2168 2323 Asiaeque
2215 2246 2279 2305 et
2317 2240 2611 2306 omnibus

218 2332 305 2397 ad
357 2332 664 2397 orientem
718 2332 919 2397 versis
951 2331 1227 2416 regibus
1279 2330 1701 2413 gentibusque
1752 2335 2106 2414 appareret,
2168 2347 2366 2391 unum
2418 2326 2612 2391 homi·
2683 2342 2717 2388 4

219 2441 368 2485 nem
416 2426 607 2504 caput
655 2419 1064 2500 columenque
1109 2415 1356 2502 imperii
1400 2417 1669 2480 Romani
1717 2436 1876 2498 esse,
1931 2417 2046 2480 sub
2101 2413 2327 2478 umbra
2380 2413 2613 2498 Scipio-

222 2507 321 2571 nis
383 2506 705 2570 civitatem
767 2504 1086 2569 dominam
1150 2505 1320 2568 orbis
1379 2509 1685 2567 terrarum
1745 2503 1959 2584 latere,
2020 2507 2243 2565 nutum
2307 2500 2444 2564 eius
2500 2521 2612 2584 pro

222 2591 493 2657 decretis
529 2599 800 2677 patrum,
846 2613 959 2677 pro
990 2591 1204 2676 populi
1233 2589 1420 2655 iussis
1453 2609 1610 2654 esse.
1686 2589 1952 2653 infamia
1996 2589 2302 2652 intactum
2348 2585 2609 2667 invidia,
2684 2601 2715 2647 5

224 2698 350 2761 qua
399 2686 682 2763 possunt,
736 2686 984 2763 urgent.
1075 2676 1465 2742 orationibus
1524 2676 1590 2740 in
1643 2682 1892 2741 noctem
1952 2673 2272 2760 perductis
2325 2671 2614 2758 prodicta

223 2764 361 2829 dies
414 2772 524 2830 est.
617 2766 726 2831 ubi
780 2786 856 2830 ea
907 2766 1101 2847 venit,
1163 2763 1516 2829 tribuni·in
1569 2764 1813 2829 Rostris
1866 2762 2072 2847 prima
2119 2762 2260 2825 luce
2314 2758 2609 2824 consede·
2684 2775 2714 2822 6

220 2857 395 2936 runt3
466 2854 692 2918 citatus
755 2872 898 2917 reus
957 2873 1190 2935 magno
1250 2850 1507 2936 agmine
1573 2851 1915 2915 amicorum
1985 2848 2433 2929 clientiumque
2498 2865 2613 2930 per

217 2938 495 3004 mediam
551 2940 906 3004 contionem
961 2937 1045 3003 ad
1097 2940 1325 3004 Rostra
1379 2936 1571 3001 subiit
1626 2937 1998 3019 silentioque
2050 2934 2217 2999 facto
2267 2932 2465 3020 „hoc“
2521 2933 2610 2997 in·
2684 2949 2713 2996 7

431 3133 477 3184 1.
515 3144 681 3182 unum
719 3128 895 3183 civem
931 3132 1148 3182 tantum
1195 3128 1431 3183 eminere
1469 3128 1673 3183 debere
1710 3129 1790 3182 ed.
1817 3128 1994 3182 Basil.
2020 3129 2172 3193 1535,
2214 3125 2293 3178 M.
2321 3124 2568 3178 Mueller.
2601 3122 2607 3192 Ι

215 3219 265 3271 4.
304 3216 601 3285 quoiquam
649 3216 722 3268 M.
756 3219 764 3282 1
796 3231 1065 3269 summam
1109 3215 1448 3284 reipublicae
1495 3219 1628 3272 Lov.
1657 3220 1708 3271 2.
1742 3219 1750 3282 1
1786 3218 1865 3271 12.
1907 3213 1979 3268 ab
2026 3228 2094 3266 eo
2140 3210 2334 3264 eodem
2372 3211 2436 3263 P.
2465 3210 2611 3264 Bur-

218 3322 415 3365 marm,·
451 3302 523 3356 ab
562 3302 754 3356 eodem
791 3304 904 3358 eod.
931 3321 1031 3358 rec.
1053 3310 1101 3357 et
1125 3304 1204 3357 ed.
1230 3309 1343 3367 vet„
1383 3302 1578 3356 eodem
1605 3303 1888 3357 Ruhnken.
1923 3303 1931 3366 Ι
1965 3302 2047 3355 13.
2072 3314 2180 3367 0110
2208 3300 2274 3352 P.
2303 3298 2611 3362 Burmann,

217 3391 486 3444 Ruhnken
495 3411 515 3458 ,·
548 3406 582 3443 3
617 3406 730 3458 0110
756 3392 867 3446 0οἀ.
896 3398 945 3445 01
980 3391 1058 3445 ed.
1086 3397 1182 3445 vet.
1217 3391 1225 3458 Ι
1260 3393 1340 3445 14.
1365 3389 1575 3443 tribuni
1614 3389 1728 3444 cod.
1754 3405 1853 3442 rec.
1873 3388 2118 3456 plerique
2143 3386 2299 3452 (Lov.
2319 3388 2372 3450 2,
2398 3383 2613 3449 Harl),-

216 3474 429 3529 tribuni
475 3476 567 3530 uel
612 3482 647 3531 3
692 3479 808 3533 eod.
843 3494 943 3532 rec.
980 3477 1202 3544 (Voss),
1248 3475 1456 3529 tribuni
1499 3474 1680 3544 plebis
1724 3472 1816 3541 (pl.
1851 3474 2029 3527 Basil.
2075 3478 2124 3526 et
2176 3471 2303 3539 seq.)
2348 3471 2428 3524 ed.
2462 3475 2558 3524 vet.
2603 3469 2608 3537 Ι

214 3566 299 3619 24.
345 3578 543 3617 versus
588 3564 667 3618 ed.
708 3565 943 3619 Gronov.
976 3563 985 3630 Ι
1017 3566 1100 3618 25.
1146 3562 1473 3630 culmenque
1519 3563 1656 3617 Lov.
1690 3565 1741 3629 2,
1789 3559 2205 3624 columnamque
2250 3558 2324 3610 al.
2360 3557 2473 3612 eod.
2508 3573 2608 3609 ree.

216 3651 439 3717 (Voss),
476 3651 553 3705 ed.
583 3652 770 3705 Parm.
805 3653 813 3716 Ι
843 3652 925 3704 26.
963 3656 1158 3702 1111111111
1197 3649 1276 3719 M3
1309 3653 1478 3703 nutus
1516 3651 1631 3704 cod.
1658 3666 1757 3703 rec.
1784 3654 1833 3701 et
1869 3648 1947 3701 ed.
1973 3653 2068 3700 vet.
2101 3647 2111 3711 1
2142 3647 2223 3699 27.
2260 3647 2484 3718 patrum
2520 3656 2611 3711 po-

216 3737 442 3805 pulique
477 3736 644 3790 iussis
680 3738 815 3793 Lov.
840 3742 890 3803 2,
929 3738 1094 3792 Harl.
1130 3738 1137 3804 Ι
1170 3740 1253 3793 28.
1292 3736 1542 3804 prodicta
1576 3739 1613 3791 2
1650 3735 1762 3791 eod.
1788 3751 1907 3802 rec„
1944 3735 1993 3788 I.
2020 3732 2088 3786 F.
2121 3731 2459 3796 Gronovius;
2492 3742 2613 3796 pro·

218 3821 384 3877 ducta
421 3826 533 3880 cod.
560 3842 661 3880 rec.
679 3826 927 3894 plerique
963 3831 1011 3880 et
1047 3826 1125 3879 ed.
1154 3832 1248 3880 vet.
1282 3829 1290 3886 Ι

322 3919 372 3958 T.
401 3918 495 3963 mv.
517 3920 590 3962 vr.
633 3919 775 3961 Editio
803 3919 951 3961 maior.
2233 3908 2297 3955 12
