2925 4278
652 164 877 218 LIBER
915 163 1242 219 XXXVIII.
1282 163 1446 217 cAP.
1475 167 1557 220 38.
1598 163 1668 233 [a.
1695 162 1761 218 U.
1788 179 1834 216 0.
1864 146 2008 233 566}
2400 150 2517 211 161

135 344 652 420 armamentaque
686 358 933 421 earum;
981 357 1105 401 neu
1136 339 1347 422 plures
1380 357 1568 418 quam
1615 335 1835 401 decem
1881 356 2081 401 naves
2128 346 2320 399 tectas
2374 360 2566 400 neve-

127 425 364 511 plures
412 448 604 509 quam
644 454 671 483 »ι
710 446 899 487 naves
944 425 1280 505 actuarias,
1321 444 1588 506 quarum
1634 424 1806 487 nulla
1851 423 1992 507 plus
2038 443 2226 504 quam
2264 424 2525 506 triginta

135 512 323 577 remis
368 518 612 595 agatur,
659 511 910 592 habeto,
957 531 1124 576 neve
1169 531 1493 575 monerem
1540 511 1673 575 eius
1719 510 1868 575 belli
1914 529 2121 590 causa,
2173 509 2336 592 quod
2385 511 2521 595 ipse

136 599 420 663 illaturus
474 599 607 663 erit.
699 618 781 662 ne
833 598 1136 680 navigato
1192 597 1349 662 citra
1396 596 1829 681 Calycadnum
1885 616 2009 660 neu
2063 596 2523 680 Sarpedonium
2595 602 2625 649 9

70 702 97 747 5
135 685 583 770 promunturia,
641 692 822 749 extra
875 705 1064 766 quam
1120 683 1173 749 si
1229 704 1353 766 qua
1406 684 1590 749 navis
1642 683 1976 767 pecuniam
2022 684 2094 744 in
2139 683 2521 767 stipendium

133 779 240 836 aut
284 771 527 854 legatos
571 777 682 835 aut
726 770 980 836 obsides
1025 771 1318 854 portabit
1396 771 1628 835 milites
1674 769 1966 834 mercede
2012 769 2407 835 conducendi
2439 792 2521 836 eX
2562 777 2626 823 10

132 859 208 924 iis
267 858 592 941 gentibus,
657 878 819 940 quae
880 858 995 922 sub
1058 856 1306 922 dicione
1364 858 1582 942 populi
1642 857 1913 922 Romani
1973 863 2147 935 sunt,
2208 857 2520 922 Antiocho

131 945 266 1029 regi
309 944 410 1010 ius
461 964 544 1008 ne
590 950 742 1025 esto,
796 964 877 1008 ne
923 945 1310 1009 voluntarios
1364 943 1620 1044 quidem
1676 943 2039 1027 recipiendi.
2131 909 2519 1009 'Rhodiorum
2562 951 2621 997 11

133 1032 523 1097 sociorumve
583 1051 745 1113 quae
805 1031 999 1096 aedes
1058 1030 1473 1113 aedificiaque
1533 1031 1702 1095 intra
1760 1030 1919 1095 fines
1986 1031 2166 1114 regni
2226 1030 2523 1095 Antiochi

50 1134 100 1179 10
135 1125 296 1199 sunt,
362 1138 485 1200 quo
544 1117 679 1182 iure
733 1125 883 1183 ante
935 1118 1172 1182 bellum
1228 1117 1502 1198 fuerunt,
1564 1139 1638 1182 eo
1691 1117 2072 1182 Rhodiorum
2134 1118 2523 1182 sociorumve

133 1212 345 1289 sunto;
404 1205 457 1269 si
504 1224 667 1286 quae
711 1204 1019 1288 pecuniae
1075 1203 1403 1286 debentur,
1461 1224 1679 1269 earum
1724 1204 1972 1268 exactio
2027 1209 2179 1268 esto.
2273 1205 2326 1269 si
2372 1203 2525 1286 quid
2564 1210 2625 1256 12

25 1340 26 1367 2
133 1293 416 1358 ablatum
473 1298 587 1372 est,
643 1291 710 1355 id
766 1290 1177 1374 conquirendi
1234 1291 1659 1374 cognoscendi
1695 1290 2166 1391 repetendique
2220 1290 2371 1354 item
2425 1291 2523 1355 ius

25 1396 26 1469 ᾗ
134 1385 286 1445 esto
382 1378 435 1443 si
482 1398 640 1460 quas
686 1379 894 1459 urbeS,
942 1398 1101 1460 quas
1146 1376 1310 1442 tradi
1356 1383 1619 1461 oportet,
1666 1377 1711 1441 ii
1755 1383 1995 1457 tenent,
2043 1376 2271 1458 quibus
2309 1377 2522 1441 Antio-

25 1494 28 1535 ε
133 1465 285 1530 chus
341 1463 536 1546 dedit,
593 1471 656 1529 et
702 1485 783 1529 eX
829 1465 906 1529 iis
950 1464 1271 1548 praesidia
1326 1463 1639 1545 deducito,
1686 1465 1904 1545 utique
1956 1469 2127 1527 recte
2172 1463 2518 1545 tradantur,

25 1560 99 1610 15
134 1558 365 1617 curato
458 1552 707 1634 argenti
766 1551 945 1635 probi
1000 1552 1240 1615 talenta
1293 1551 1505 1615 Attica
1559 1549 1890 1615 duodecim
1946 1551 2118 1613 milia
2163 1550 2312 1614 dato
2359 1551 2523 1615 intra
2564 1558 2625 1604 13

25 1628 26 1689 ἶ
133 1638 466 1703 duodecim
511 1658 713 1702 annos
758 1638 1170 1721 pensionibus
1214 1638 1435 1719 aequis
1469 1638 1886 1701 —talentum
1931 1657 2015 1701 ne
2058 1636 2266 1701 minus
2311 1638 2522 1722 pondo

25 1720 26 1727 '
132 1725 452 1808 octoginta
496 1725 799 1788 Romanis
839 1723 1225 1807 ponderibus
1256 1723 1495 1808 pendat
1524 1762 1611 1770 —
1643 1729 1705 1787 et
1748 1724 1937 1788 tritici
1985 1724 2332 1808 quingenta
2376 1746 2524 1807 qua-

134 1812 426 1896 draginta
471 1811 647 1875 milia
691 1810 987 1875 modium.
1078 1811 1348 1875 Eumeni
1399 1811 1538 1893 regi
1591 1811 1843 1888 talenta,
1885 1817 2169 1876 trecenta
2222 1812 2523 1894 quinqua·
2562 1819 2628 1866 14

138 1899 310 1981 ginta
354 1899 524 1962 intra
569 1899 1067 1979 quinquennium
1114 1897 1291 1982 dat03
1349 1904 1411 1962 et
1466 1918 1579 1982 pro
1625 1897 1960 1978 frumento,
2018 1896 2185 1979 quod
2238 1899 2524 1963 aestima-

46 1996 102 2042 20
137 1985 302 2050 tione
336 1984 428 2066 fit,
476 1984 716 2048 talenta
749 1991 1000 2049 centum
1032 1985 1259 2068 viginti
1306 1991 1569 2069 septem.
1648 1984 1902 2050 obsides
1946 1984 2249 2050 Romanis
2295 1985 2522 2068 viginti
2563 1992 2625 2039 15

131 2071 278 2137 dato
335 2077 399 2136 et
442 2071 712 2136 triennio
769 2078 1027 2153 mutat0,
1090 2091 1171 2135 ne
1226 2071 1501 2136 minores
1556 2078 1850 2135 octonum
1906 2070 2141 2135 denum
2192 2091 2520 2153 annorum,

25 2227 26 2236 ,
129 2181 252 2225 neu
309 2159 581 2224 maiores
636 2159 895 2241 quinum
956 2158 1449 2242 quadragenum.
1544 2159 1598 2223 si
1644 2159 1748 2240 qui
1796 2158 2102 2223 sociorum
2148 2159 2361 2242 populi
2407 2160 2521 2222 Rc»
2563 2168 2625 2214 16

25 2245 28 2334 Ι
129 2247 304 2311 mani
364 2247 526 2311 ultro
581 2246 817 2309 bellum
875 2245 1149 2309 inferent
1203 2245 1536 2326 Antiocho,
1593 2245 1724 2309 vim
1779 2246 1844 2309 vi
1896 2243 2155 2308 arcendi
2212 2245 2308 2309 ius
2369 2252 2520 2326 est0,

25 2345 26 2374 *
130 2333 283 2398 dum
329 2353 413 2397 ne
460 2353 649 2415 quam
705 2333 926 2397 urbem
982 2337 1092 2395 aut
1138 2332 1285 2397 belli
1330 2333 1467 2396 iure
1513 2337 1728 2395 teneat
1771 2337 1882 2395 aut
1926 2331 1993 2394 in
2038 2330 2380 2394 amicitiam
2427 2351 2524 2395 ac-

25 2521 28 2610 ῖ
343 2526 389 2578 1.
426 2522 615 2575 decem
660 2537 832 2575 naves
880 2526 1055 2575 tectas
1102 2537 1242 2575 neve
1286 2520 1472 2589 plures
1518 2536 1684 2589 quam
1713 2543 1740 2571 *
1774 2536 1947 2574 naves
1985 2519 2259 2573 actuarias
2295 2523 2527 2591 Madviq

25 2617 28 2712 ἱ
130 2612 256 2666 Em.
292 2612 363 2665 L.
404 2628 464 2679 p.
501 2614 629 2677 5485
682 2610 872 2663 decem
915 2624 1090 2663 naues
1136 2609 1412 2662 actuarias
1459 2609 1530 2676 M,
1578 2610 1760 2663 Mead.
1796 2614 1846 2676 1,
1884 2609 2080 2676 Aldus,
2120 2626 2186 2659 π·
2223 2623 2396 2661 naues
2432 2612 2525 2663 rel.
2583 2678 2588 2684 ,

25 2719 28 2744 ν
128 2700 242 2753 eod.
271 2697 363 2764 (B)
399 2703 447 2751 et
482 2698 560 2751 ed.
580 2699 773 2766 prior„
803 2696 994 2749 decem
1037 2710 1209 2749 naves
1257 2698 1435 2749 tectas
1475 2700 1533 2748 et
1567 2694 1970 2763 quinquaginta
2008 2693 2282 2747 actuarias
2319 2696 2525 2749 Meibo-

129 2787 291 2853 mins,
321 2782 514 2836 decem
549 2798 721 2837 naves
756 2786 934 2836 tectas
968 2798 1109 2836 neve
1146 2798 1342 2835 navem
1371 2782 1672 2835 actuariam
1701 2784 1804 2836 Th.
1830 2783 2148 2837 Mommsen.
2182 2783 2190 2847 1
2222 2785 2269 2837 2.
2296 2797 2528 2850 quarum

129 2871 283 2925 nulla
333 2872 581 2939 Scheffer,
630 2872 862 2939 Madvig]
910 2873 942 2924 l.
980 2872 1042 2938 l.;
1084 2869 1238 2922 nulla
1281 2886 1514 2937 quarum
1560 2869 1628 2937 M,
1667 2870 1863 2936 Aldus,
1902 2868 2054 2921 nulla
2096 2870 2188 2923 rel.
2216 2871 2330 2924 coel.
2358 2868 2443 2934 (B)
2480 2875 2529 2922 et

128 2960 207 3011 ed.
236 2964 354 3025 vet„
391 2956 561 3009 ullam
606 2972 748 3024 quae
793 2971 983 3009 earum
1031 2959 1134 3011 Th.
1162 2958 1480 3012 Mommsen.
1515 2957 1522 3022 Ι
1565 2970 1731 3023 quam
1765 2955 1802 3007 i*
1821 2973 1930 3006 xxx
1969 2954 2015 3007 B
2052 2962 2102 3009 et
2135 2957 2383 3011 nonnull.
2411 2956 2524 3010 coel.

126 3063 227 3101 ree.
265 3047 273 3110 Ι
314 3047 364 3099 3.
413 3057 690 3096 monerem
744 3043 865 3097 eius
909 3045 1142 3112 Madvig]
1189 3046 1221 3097 l.
1260 3045 1321 3110 l.;
1364 3057 1642 3095 monerem
1688 3057 1757 3095 ex
1799 3044 2060 3110 „antiqua
2107 3042 2291 3097 lectio“
2344 3041 2525 3095 Gelen.

124 3132 196 3198 (M
208 3132 277 3199 P),
325 3132 407 3184 ecl.
444 3132 619 3185 Basil.
655 3134 793 3185 1535
829 3130 1111 3194 (minorem
1167 3145 1236 3183 ex
1282 3128 1338 3182 M
1383 3136 1509 3184 teste
1545 3131 1833 3199 Memento,
1879 3143 2157 3181 monerem
2205 3144 2272 3181 ea
2306 3130 2438 3183 Lov.
2476 3133 2525 3194 4,

125 3219 396 3272 minorem
442 3233 508 3271 ea
554 3219 669 3273 cod.
704 3235 805 3284 ree.
837 3220 1083 3287 plerique
1118 3224 1167 3271 et
1201 3218 1279 3271 ecl.
1308 3218 1614 3285 antiquiss„
1653 3216 1861 3268 minore
1898 3230 1965 3268 ea
2001 3215 2064 3283 B,
2101 3230 2376 3268 monerem
2417 3215 2524 3283 [ex]

125 3309 306 3361 altera
355 3306 603 3374 Madvig.
638 3307 946 3360 coniectura
990 3304 1025 3358 l.
1063 3306 1116 3372 l.,
1161 3306 1343 3369 Hertz,
1392 3305 1782 3372 Weissenborn,
1830 3304 1911 3357 M.
1950 3303 2198 3357 Mueller.
2232 3306 2239 3364 Ι
2270 3304 2320 3355 4.
2367 3300 2528 3370 Caly-

125 3393 370 3446 cadnum
411 3392 747 3455 Glareanus;
783 3390 1176 3460 calycandrum
1212 3391 1327 3446 coel.
1347 3392 1593 3460 plerique
1620 3389 1724 3456 (B).
1758 3392 1764 3454 Ι
1798 3392 1847 3443 5.
1884 3388 2146 3457 pecunias
2169 3388 2233 3441 B.
2266 3390 2273 3453 Ι
2305 3388 2360 3439 in
2397 3390 2528 3443 adel.

128 3481 368 3549 Madvig]
407 3482 439 3533 l.
468 3482 501 3534 l.
534 3481 542 3545 Ι
575 3481 622 3533 6.
662 3494 731 3532 ex
764 3478 851 3531 his
897 3479 959 3531 Β.
992 3480 1001 3544 Ι
1034 3482 1079 3532 7.
1126 3475 1344 3531 dicioni}
1386 3476 1447 3530 B.
1483 3480 1490 3543 Ι
1523 3480 1570 3531 9.
1619 3474 1871 3528 aedificia
1915 3490 2024 3543 que
2066 3475 2128 3527 B.
2163 3477 2172 3541 Ι
2205 3477 2285 3529 13.
2321 3473 2379 3527 hi
2423 3475 2484 3528 B.
2517 3475 2523 3545 Ι

129 3570 209 3622 14.
253 3582 326 3619 ex
370 3564 458 3619 his
503 3565 564 3618 B.
600 3569 609 3630 1
639 3564 891 3618 tradatur
926 3565 986 3619 B.
1021 3565 1029 3629 1
1064 3567 1144 3619 16.
1183 3564 1367 3632 pondo
1412 3582 1514 3618 om.
1538 3563 1585 3615 B
1627 3569 1676 3617 et
1709 3566 1748 3618 2
1783 3563 1896 3617 cod.
1922 3580 2022 3617 rec.
2057 3563 2064 3628 1
2099 3564 2178 3616 17.
2215 3579 2389 3613 nnxxx
2423 3561 2484 3615 B.
2516 3561 2521 3631 Ι

130 3657 213 3709 19.
265 3652 653 3707 aestimatione
699 3652 762 3706 fit
806 3654 889 3707 vel
933 3651 1006 3705 sit
1050 3651 1169 3718 (fiet
1213 3653 1345 3708 Lov.
1381 3654 1435 3717 2)
1482 3651 1596 3705 coel.
1627 3650 1888 3719 plerique,
1926 3652 1996 3717 cf.
2025 3649 2255 3718 Madvig
2292 3650 2416 3703 Em.
2457 3649 2525 3702 L.

119 3759 178 3810 p.
204 3745 312 3795 549
320 3760 340 3808 ,·
375 3738 760 3793 aestimatione
794 3735 900 3792 fiat'
918 3740 995 3793 eol.
1023 3745 1139 3804 vet„
1164 3738 1515 3791 aestimatum
1550 3734 1659 3789 fuit
1681 3737 2070 3792 Drakenborch
2094 3737 2156 3789 in
2191 3737 2338 3802 adm„
2365 3734 2527 3788 aesti-

129 3834 346 3881 matum
383 3830 471 3881 est
503 3828 892 3893 Weissenborn,
930 3844 1007 3880 an
1040 3825 1095 3878 in
1133 3824 1574 3879 aestimationem
1607 3822 1798 3877 venit?
1828 3825 1837 3889 1
1867 3825 1950 3877 23.
1992 3820 2256 3876 inferrent
2290 3822 2353 3876 B.
2388 3820 2396 3891 Ι

246 3923 297 3963 Τ.
320 3922 414 3965 Liv.
437 3922 509 3964 VI.
548 3920 689 3962 Editio
716 3920 861 3962 maior.
2152 3914 2210 3960 11
