2925 4278
389 153 514 216 184
847 170 1073 224 LIBER
1109 169 1435 224 xxxvm.
1476 170 1640 226 OAP.
1669 173 1751 225 56.
1779 173 1861 225 57.
1902 169 1974 237 [a.
2001 169 2066 224 U.
2092 184 2137 223 0.
2165 170 2305 238 567]

386 344 543 409 ritur
602 343 970 410 dissolutam
1033 365 1173 410 esse
1233 365 1274 409 a
1332 345 1581 429 privato
1640 345 2042 410 tribuniciam
2100 349 2510 430 potestatem3
2572 351 2636 410 et
2694 346 2786 410 ad

386 438 791 515 postremum,
854 451 996 498 cum
1057 432 1361 496 auxilium
1422 433 1493 497 L.
1550 432 1834 516 Scipioni
1892 432 2237 516 pollicetur,
2305 430 2503 495 adicit
2561 433 2784 497 tolera·

299 558 303 563 -
385 518 623 582 bilioris
683 518 962 601 exempli
1022 537 1161 583 esse
1220 540 1262 583 a
1320 519 1570 583 tribuno
1631 519 1837 603 plebis
1903 518 2110 603 potius
2179 538 2367 600 quam
2429 539 2471 582 a
2529 519 2783 602 privato

284 703 343 750 11

285 964 349 1010 12

286 1226 349 1272 13

320 1315 344 1359 1

320 1573 350 1619 2

321 1747 351 1792 3

319 2008 353 2054 4

386 604 620 669 victam
673 603 876 669 videri
930 611 993 668 et
1044 605 1447 669 tribuniciam
1501 612 1881 707 potestatem
1943 611 2006 670 et
2058 625 2191 670 rem
2246 605 2566 689 publicam
2617 625 2775 671 esse.

385 691 498 756 sed
543 692 636 755 ita
679 691 844 755 hanc
888 712 1081 755 unam
1133 692 1544 775 impotentem
1599 693 1734 758 eius
1778 692 2071 757 iniuriam
2125 691 2368 756 invidia
2419 698 2659 775 onerat,
2709 699 2782 757 ut
2865 708 2898 754 5

384 777 792 862 increpando,
861 777 1030 859 quod
1088 776 1491 862 degenerarit
1547 786 1796 844 tantum
1855 800 1895 843 a
1955 799 2023 844 se
2082 779 2241 862 ipse,
2306 779 2653 844 cumulatas
2716 780 2794 844 ei

386 872 635 929 veteres
692 863 915 928 laudes
974 865 1424 930 moderationis
1482 872 1544 930 et
1597 866 2055 950 temperantiae
2118 886 2232 949 pro
2285 865 2780 949 reprehensione

385 951 707 1035 praesenti
752 950 1005 1035 reddat3
1063 952 1441 1036 castigatum
1490 953 1658 1018 enim
1708 951 2026 1034 quondam
2069 953 2151 1016 ab
2199 971 2273 1017 eo
2319 953 2617 1037 populum
2663 952 2776 1033 ait,

387 1036 556 1120 quod
602 1057 745 1103 eum
790 1045 1165 1122 perpetuum
1211 1040 1532 1104 consulem
1577 1045 1641 1104 et
1686 1039 2056 1104 dictatorem
2101 1038 2293 1103 vellet
2344 1039 2580 1122 facere3
2635 1058 2773 1122 pro-

387 1123 670 1190 hibuisse
716 1131 958 1190 statuas
1005 1126 1126 1190 sibi
1169 1125 1237 1190 ί11
1270 1126 1540 1207 comitio,
1587 1127 1654 1190 in
1684 1126 1946 1206 Rostris,
1992 1126 2059 1189 in
2105 1125 2297 1206 curia,
2344 1126 2411 1189 in
2444 1125 2778 1209 Capitoli0‚
2825 1147 2894 1194 1o

387 1210 454 1275 in
502 1211 659 1275 cella
711 1213 882 1277 Iovis
934 1212 1111 1296 poni3
1165 1213 1583 1297 prohibuisse,
1639 1232 1720 1277 ne
1773 1212 2232 1293 decerneretur,
2286 1217 2357 1275 ut
2409 1212 2620 1295 imago
2666 1232 2784 1276 sua

385 1297 750 1383 triumphali
782 1306 1008 1364 ornatu
1039 1319 1074 1363 e
1105 1299 1339 1383 templo
1369 1299 1542 1364 Iovis
1572 1299 1791 1383 optimi
1816 1299 2082 1363 maximi
2113 1299 2332 1364 exiret.
2380 1298 2577 1363 LVII.
2604 1299 2784 1363 Haec

385 1386 491 1450 vel
534 1385 598 1449 in
637 1385 1002 1450 laudatione
1047 1386 1253 1470 posita
1295 1386 1620 1470 ingentem
1667 1385 2169 1469 magnitudinem
2213 1385 2411 1449 animi
2455 1383 2782 1449 moderan-

386 1473 467 1536 tis
506 1470 592 1536 ad
634 1472 883 1536 civilem
918 1472 1204 1538 habitum
1236 1472 1580 1538 honoribus
1627 1473 2076 1556 significarent,
2124 1492 2285 1553 quae
2333 1470 2781 1556 exprobrando

388 1558 681 1623 inimicus
726 1558 976 1623 fatetur.
1051 1559 1199 1623 huic
1245 1559 1530 1624 Graccho
1579 1560 1884 1624 minorem
1930 1581 2010 1624 ex
2043 1558 2292 1623 duabus
2336 1558 2482 1622 filiis
2514 1596 2598 1604 —
2629 1579 2782 1622 nam
2826 1580 2888 1627 15

390 1646 589 1709 maior
632 1646 701 1709 P.
753 1645 1041 1710 Cornelio
1086 1647 1360 1711 Nasicae
1404 1646 1578 1710 haud
1622 1646 1815 1711 dubie
1860 1667 1900 1710 a
1944 1653 2125 1731 patre
2171 1645 2477 1710 collocata
2522 1651 2659 1709 erat
2696 1684 2785 1692 --

391 1738 654 1814 nuptam
685 1731 882 1796 fuisse
915 1734 1229 1797 convenit.
1305 1733 1461 1796 illud
1492 1753 1712 1818 parum
1746 1740 2026 1814 constat,
2073 1738 2280 1796 utrum
2326 1738 2469 1832 post
2513 1737 2785 1796 mortem

389 1817 588 1902 patris
635 1818 691 1882 ei
738 1817 1055 1901 desponsa
1100 1819 1181 1884 sit
1228 1826 1289 1884 et
1335 1821 1636 1919 nupserit,
1684 1841 1769 1883 an
1814 1839 2005 1884 verae
2049 1818 2197 1882 illae
2250 1819 2580 1902 opiniones
2633 1818 2782 1900 sint,

390 1903 765 1985 Gracchum,
832 1924 973 1968 cum
1033 1905 1103 1968 L.
1162 1905 1374 1988 Scipio
1433 1906 1501 1969 in
1562 1907 1817 1970 vincula
1875 1905 2210 1971 duceretur
2268 1925 2387 1970 nec
2447 1905 2784 1989 quisquam

391 1956 770 2075 collegarum
801 1991 1036 2056 auxilio
1071 1998 1257 2072 esset,
1302 1992 1545 2056 iurasse
1591 1992 1711 2057 sibi
1756 1992 2119 2056 inimicitias
2165 2011 2307 2055 cum
2354 1991 2777 2076 Scipionibus,
2823 2013 2890 2061 20

391 2098 553 2161 quae
615 2077 920 2160 fuissent,
965 2098 1242 2160 manere,
1297 2098 1415 2145 nec
1477 2098 1544 2144 se
1599 2080 1844 2163 gratiae
1907 2078 2307 2162 quaerendae
2367 2068 2754 2233 causaguic

389 2168 579 2248 quam
638 2166 868 2247 facere,
902 2166 1034 2247 sed,
1075 2166 1142 2230 in
1190 2185 1376 2247 quem
1416 2186 1731 2232 carcerem
1761 2185 1944 2250 reges
1976 2172 2039 2231 et
2069 2167 2479 2249 imperatores
2507 2166 2594 2233 ho
2649 2164 2783 2229 'um

391 2251 726 2318 ducentem
785 2251 1074 2318 vidisset
1110 2253 1178 2317 P.
1234 2252 1624 2334 Africanum,
1686 2255 1750 2319 in
1805 2274 1948 2318 eum
2010 2273 2078 2319 se
2132 2253 2389 2317 fratrem
2443 2254 2576 2316 eius
2630 2250 2782 2316 duci

389 2360 514 2404 non
561 2359 910 2440 passurum.
989 2347 1279 2405 senatum
1327 2361 1400 2405 eo
1448 2340 1553 2405 die
1598 2340 1758 2407 forte
1802 2341 1868 2404 in
1903 2340 2212 2424 Capitolio
2258 2346 2592 2404 cenantem
2639 2358 2784 2403 con-

390 2427 740 2491 surrexisse
793 2432 858 2491 et
910 2427 1165 2510 petisse,
1226 2434 1295 2491 ut
1347 2428 1514 2493 inter
1573 2428 1792 2511 epulas
1854 2426 2140 2492 Graccho
2191 2425 2385 2490 filiam
2436 2425 2781 2490 Africanus
2820 2445 2884 2493 25

391 2511 828 2595 desponderet.
908 2514 1154 2595 quibus
1179 2514 1269 2578 ita
1314 2513 1479 2579 inter
1509 2514 1832 2615 publicum
1877 2513 2179 2579 sollemne
2225 2511 2628 2595 sponsalibus
2660 2512 2781 2578 rite

389 2598 576 2664 factis
629 2620 770 2664 cum
824 2619 892 2663 se
945 2599 1200 2664 domum
1253 2601 1615 2684 recepisset,
1670 2593 2031 2685 Scipionem
2093 2599 2402 2663 Aemiliae
2462 2598 2645 2662 uxori
2693 2598 2782 2662 di-

391 2686 564 2750 xisse
608 2685 802 2750 filiam
855 2706 924 2749 se
969 2687 1275 2751 minorem
1328 2686 1771 2771 despondisse,
1829 2707 1971 2750 cum
2017 2686 2143 2767 illa,
2191 2684 2577 2749 muliebriter
2623 2684 2783 2748 indi-

388 2772 734 2872 gnabunda
785 2771 941 2836 nihil
995 2772 1076 2837 de
1130 2774 1445 2837 communi
1498 2774 1628 2838 filia
1680 2794 1894 2838 secum
1943 2773 2384 2852 consultatum,
2441 2770 2781 2835 adiecisset

389 2879 535 2939 non,
598 2858 652 2923 si
704 2859 800 2923 Ti.
859 2858 1143 2924 Graccho
1204 2858 1402 2941 dalet
1466 2867 1791 2944 expeltem
1853 2860 2096 2924 consilii
2155 2858 2451 2924 debuisse
2510 2864 2776 2921 matrem
2815 2877 2885 2924 30

391 2965 551 3025 esse,
603 2946 840 3010 laetum
894 2946 1256 3030 Scipionem
1309 2953 1441 3011 tam
1495 2946 1788 3012 concordi
1838 2946 2070 3011 iudicio
2124 2945 2183 3010 ei
2228 2945 2351 3029 ipsi
2397 2943 2781 3027 desponsam

601 3139 646 3190 1.
685 3141 741 3188 et
787 3155 887 3191 om.
924 3138 1057 3190 Lov.
1082 3140 1132 3191 2.
1166 3141 1174 3204 Ι
1215 3138 1261 3190 6.
1309 3135 1663 3204 degenerarit
1707 3136 1787 3190 ed.
1812 3137 2184 3203 Basil.153o;
2228 3103 2656 3202 degenerauerit
2701 3136 2784 3188 vel

389 3221 754 3290 degenerauit
796 3222 1107 3290 (generauit
1152 3224 1286 3278 Lov.
1319 3224 1376 3288 2)
1421 3224 1535 3278 cod.
1562 3241 1661 3278 rec.
1696 3224 1704 3289 Ι
1736 3222 2044 3275 cumulatas
2081 3222 2133 3275 ei
2169 3222 2247 3276 ed.
2275 3222 2453 3276 Basil.
2479 3224 2615 3274 1531
2626 3239 2647 3287 ‚·
2691 3235 2782 3273 cu-

389 3310 625 3363 mulatas
664 3314 721 3362 et
754 3311 836 3363 vel
871 3308 1154 3363 cumulata
1191 3309 1289 3363 sed
1326 3312 1441 3365 cod.
1478 3312 1485 3376 Ι
1520 3313 1599 3365 13.
1638 3309 1974 3363 moderantis
2012 3307 2084 3361 ad
2121 3307 2336 3361 civilem
2363 3308 2784 3373 Drakenborch,-

388 3396 738 3450 moderandis
776 3396 848 3449 ad
884 3396 1102 3450 ciuilem
1141 3398 1255 3452 cod.
1281 3415 1380 3452 rec.
1407 3404 1457 3451 et
1492 3398 1572 3451 ed.
1598 3404 1693 3452 vet.
1720 3415 1853 3465 quas
1877 3398 1993 3451 vidz‘
2018 3413 2214 3462 omnes,
2239 3393 2577 3448 moderantis
2611 3392 2782 3447 uilem

389 3482 460 3536 M.
494 3486 502 3547 1
537 3488 616 3540 18.
664 3482 715 3535 ei
758 3482 1036 3552 desponsa
1081 3482 1155 3536 sit
1197 3485 1523 3552 Dompierre
1570 3485 1635 3538 de
1684 3484 2009 3552 Chaufepiei,
2056 3485 2124 3550 cf.
2171 3484 2249 3535 H.
2285 3484 2333 3536 I.
2369 3482 2607 3535 Mueller
2648 3497 2778 3534 ann.

389 3572 572 3625 Berol.
598 3574 739 3624 1890
766 3588 825 3639 p.
851 3574 984 3637 216,·
1020 3574 1077 3622 et
1113 3569 1391 3638 desponsa
1429 3570 1502 3622 sit
1539 3571 1654 3625 cod.
1680 3587 1779 3626 rec.
1805 3577 1854 3624 et
1897 3571 1974 3624 ed.
2003 3576 2116 3635 vet„
2144 3573 2201 3621 et
2237 3567 2576 3636 desponsata
2610 3565 2684 3618 sit
2706 3564 2779 3632 M,

390 3656 524 3711 Lov.
549 3660 604 3723 2,
643 3657 805 3710 Harl.
841 3657 849 3722 Ι
881 3659 964 3711 26.
1001 3657 1145 3710 inter
1184 3674 1281 3724 „ex
1326 3657 1663 3726 archetypis“
1709 3658 1886 3711 Gelan.
1922 3655 2036 3723 (M‘e
2065 3654 2176 3723 S‘?),
2213 3657 2293 3710 ed.
2319 3656 2497 3710 Basil.
2523 3656 2661 3706 1535
2669 3671 2689 3720 ,·
2722 3651 2781 3705 in

392 3744 505 3797 cod.
520 3760 618 3797 rec.
636 3749 683 3796 et
708 3744 786 3796 ed.
792 3745 968 3811 prior.
993 3742 1000 3813 Ι
1026 3745 1107 3797 31.
1131 3742 1182 3796 ei
1200 3741 1304 3810 ipsi
1323 3745 1514 3798 Walch
1535 3745 1656 3798 Em.
1669 3745 1736 3797 L.
1765 3744 2254 3812 p.101,Kreyssi9;
2279 3747 2336 3795 et
2358 3741 2466 3810 ipsi
2490 3741 2782 3796 cod.rcc.et

391 3829 470 3883 ed.
496 3830 802 3899 antiquiss„
837 3828 943 3896 ipsi
973 3829 1172 3897 Gelan„
1210 3830 1289 3883 ed.
1316 3831 1494 3884 Basil.
1522 3834 1676 3884 1535.
1709 3831 1718 3898 Ι
1749 3829 2141 3897 desponsatam
2177 3831 2310 3885 Lov.
2337 3834 2371 3882 4
2405 3847 2474 3883 m.
2499 3834 2549 3897 1,
2576 3829 2743 3883 Harl.
2767 3825 2776 3896 Ι
2867 3837 2905 3998 w
