2925 4278
579 149 801 202 LIBER
837 149 1105 204 xxxvl.
1144 149 1310 203 GAP.
1348 153 1431 206 25.
1460 153 1543 204 26.
1570 153 1654 205 27.
1692 152 1766 217 [a.
1793 151 1858 206 U.
1888 168 1932 205 c.
1962 123 2103 220 563]
2451 136 2530 199 31

12 358 15 359 ν
126 326 254 400 est,
319 327 384 385 et
429 321 819 404 propinquae
881 321 1059 386 clade
1105 322 1278 387 urbis
1338 323 1481 406 ipsi,
1542 344 1623 387 ne
1688 322 1839 405 quid
1894 324 2098 390 simile
2144 333 2530 410 paterentur,

125 407 517 490 effugerunt.

344 494 584 558 XXVI.
631 494 860 558 Paucis
905 494 1269 578 priusquam
1316 495 1628 560 Heraclea
1675 502 2006 579 caperetur
2052 497 2278 563 diebus
2326 500 2531 566 Aetoli
2573 520 2599 565 1

125 579 405 645 concilio
452 580 779 663 Hypatam
827 588 1042 645 coacto
1102 581 1348 663 legatos
1410 581 1494 645 ad
1539 581 1924 646 Antiochum
1979 583 2306 666 miserunt,
2369 588 2534 652 inter

46 690 80 734 5
125 685 293 747 quos
342 672 407 729 et
451 665 665 731 Thoas
710 665 899 747 idem,
960 667 1072 747 qui
1119 673 1182 730 et
1226 673 1436 747 antea,
1501 668 1728 732 missus
1776 676 1887 734 est.
1980 669 2285 736 mandata
2332 682 2528 756 erant,
2570 692 2600 737 2

125 758 202 815 ut
246 753 329 816 ab
380 772 532 835 rege
578 758 888 836 peterent,
950 754 1222 836 primum
1282 760 1353 817 ut
1396 755 1534 838 ipse
1580 755 1816 819 coactis
1871 775 2087 821 rursus
2130 760 2531 826 terrestribus

122 838 603 919 navalibusque
653 839 851 922 copiis
897 839 962 902 in
1011 839 1344 904 Graeciam
1392 841 1701 920 traiceret,
1751 840 2003 923 deinde,
2051 844 2102 907 si
2153 865 2277 925 qua
2322 846 2529 928 ipsum

121 930 383 989 teneret
431 944 551 1004 reS,
613 932 682 989 ut
726 926 1064 1009 pecuniam
1112 933 1175 990 et
1219 927 1461 990 auxilia
1515 927 1807 990 mitteret.
1899 927 1967 990 id
2014 949 2155 993 cum
2201 931 2284 994 ad
2330 931 2531 1015 digni·
2568 951 2598 996 3

123 1016 333 1074 tatem
381 1010 518 1075 eius
562 1010 880 1092 fidemque
925 1012 1262 1096 pertinere,
1304 1030 1452 1077 'non
1516 1011 1698 1096 prodi
1744 1014 1964 1094 socios,
2030 1021 2164 1079 tum
2211 1018 2401 1081 etiam
2445 1019 2530 1084 ad

20 1117 85 1165 10
122 1096 634 1161 incolumitatem
678 1098 879 1180 regni,
925 1119 1007 1163 ne
1055 1099 1290 1162 sineret
1335 1101 1653 1163 Romanos
1683 1119 1920 1165 vacuos
1951 1102 2123 1165 omni
2169 1122 2336 1184 cura,
2387 1125 2529 1169 cum
2567 1119 2597 1163 4

120 1184 499 1247 Aetolorum
544 1190 802 1267 gentem
856 1185 1273 1265 sustulissent,
1321 1185 1612 1249 omnibus
1646 1185 1843 1269 copiis
1882 1187 1947 1250 in
1978 1187 2199 1252 Asiam
2245 1191 2526 1256 traicere.

121 1289 285 1334 vera
334 1276 535 1350 erant,
586 1289 749 1351 quae
796 1269 1195 1335 dicebantur:
1246 1291 1318 1335 eo
1365 1272 1571 1354 magis
1616 1292 1833 1354 regem
1879 1282 2228 1339 moverunt.
2313 1276 2530 1358 itaque
2568 1291 2597 1334 5

119 1356 191 1419 in
264 1356 630 1439 praesentia
697 1358 1054 1440 pecuniam,
1131 1377 1292 1439 quae
1362 1356 1444 1420 ad
1513 1377 1663 1422 usus
1730 1358 1880 1422 belli
1948 1362 2307 1425 necessaria
2374 1371 2526 1444 erat,

119 1442 362 1525 legatis
410 1441 612 1526 dedit;
671 1443 912 1507 auxilia
957 1443 1278 1507 terrestria
1334 1444 1716 1524 navaliaque
1761 1444 2123 1510 adfirmavit
2167 1448 2523 1514 missurum.

20 1549 82 1595 15
119 1529 487 1593 Thoantem
534 1549 731 1593 unum
778 1550 860 1594 ex
907 1530 1135 1612 legatis
1180 1530 1456 1610 retinuit,
1506 1537 1569 1594 et
1613 1531 1822 1614 ipsum
1867 1531 2041 1596 haud
2086 1532 2356 1599 invitum
2401 1557 2527 1601 mo·
2564 1550 2595 1595 6

119 1621 399 1694 rantem,
449 1621 518 1678 ut
565 1622 826 1680 exactor
870 1636 1174 1699 praesens
1221 1617 1669 1700 promissorum
1716 1617 1987 1682 adesset.

337 1701 609 1766 XXVII.
694 1702 988 1771 Ceterum
1056 1703 1366 1767 Heraclea
1434 1710 1623 1787 capta
1696 1705 1885 1787 fregit
1951 1704 2211 1770 tandem
2277 1708 2526 1774 animos
2566 1722 2589 1766 1

120 1786 523 1871 Aetolorum;
589 1795 652 1852 et
711 1808 947 1872 paucos
1008 1795 1150 1872 post
1196 1789 1350 1869 dies,
1414 1810 1606 1870 quam
1651 1789 1736 1854 ad
1796 1792 2029 1855 bellum
2085 1793 2523 1859 renovandum
2562 1810 2591 1855 2

121 1872 631 1956 acciendumque
691 1894 908 1958 regem
954 1876 1022 1939 in
1067 1875 1288 1939 Asiam
1347 1876 1653 1940 miserant
1710 1876 1973 1959 legatos,
2044 1878 2311 1944 abiectis
2372 1882 2520 1946 belli

25 1978 87 2025 20
124 1960 409 2024 consiliis
468 1962 647 2043 pacis
706 1960 1024 2044 petendae
1085 1969 1364 2026 oratores
1424 1961 1509 2025 ad
1565 1964 1885 2027 consulem
1947 1964 2270 2029 miserunt.
2367 1987 2524 2048 quos
2562 1984 2591 2028 3

124 2045 341 2110 dicere
388 2066 648 2111 exorsos
680 2049 899 2112 consul
945 2047 1302 2127 interfatus,
1352 2068 1495 2111 cum
1541 2049 1668 2112 alia
1713 2049 1834 2114 sibi
1881 2050 2347 2133 praevertenda
2380 2073 2523 2119 esse

121 2131 417 2213 dixisset,
464 2132 670 2199 redire
715 2134 1042 2217 Hypatam
1088 2155 1215 2215 eos,
1264 2133 1430 2199 datis
1478 2134 1720 2199 dierum
1768 2134 1987 2201 decem
2032 2137 2295 2203 indutiis
2341 2147 2405 2204 et
2448 2142 2519 2205 L.

121 2219 380 2284 Valerio
426 2221 654 2284 Flacco
715 2241 859 2285 cum
918 2222 996 2285 iis
1041 2223 1252 2301 miss0,
1316 2221 1500 2285 iussit
1557 2221 1760 2302 eique,
1823 2243 1986 2303 quae
2044 2244 2259 2289 secum
2321 2228 2523 2291 acturi

121 2306 418 2386 fuissent,
467 2327 808 2390 exponere,
858 2314 920 2371 et
966 2308 1021 2372 si
1066 2328 1192 2389 qua
1237 2308 1476 2371 vellent
1518 2308 1664 2372 alia.
1745 2309 2071 2392 Hypatam
2116 2317 2186 2374 ut
2233 2319 2329 2376 est
2376 2334 2521 2378 ven·
2559 2332 2591 2378 4

30 2410 87 2456 25
121 2400 280 2472 tum,
355 2392 678 2476 principes
738 2393 1101 2457 Aetolorum
1171 2393 1343 2477 apud
1405 2395 1705 2458 Flaccum
1767 2396 2101 2460 concilium
2164 2396 2522 2463 habuerunt

120 2478 576 2558 consultantes,
625 2499 900 2560 quonam
932 2478 1252 2561 agendum
1283 2479 1471 2544 modo
1502 2479 1676 2563 apud
1708 2482 2029 2545 consulem
2060 2482 2239 2547 foret.
2299 2505 2522 2566 paran-
2559 2502 2590 2548 5

120 2564 292 2628 tibus
338 2564 419 2629 iis
463 2566 728 2647 antiqua
771 2566 911 2629 iura
955 2565 1280 2630 foederum
1326 2565 1519 2630 ordiri
1566 2567 1915 2647 meritaque
1962 2567 2027 2630 in
2073 2569 2372 2652 populum
2403 2571 2520 2634 Ro-

119 2671 403 2731 manum,
465 2652 774 2716 absistere
817 2652 896 2716 iis
942 2652 1209 2716 Flaccus
1254 2652 1454 2731 iussit,
1520 2672 1684 2733 quae
1745 2652 1866 2735 ipsi
1914 2654 2258 2719 violassent
2302 2676 2380 2721 ac
2425 2678 2519 2721 ru·
2558 2676 2588 2721 6

120 2737 386 2819 pissent.
482 2736 946 2802 confessionem
993 2739 1070 2802 iis
1118 2738 1341 2821 culpae
1401 2738 1609 2821 magis
1662 2738 2054 2822 profuturam
2102 2747 2165 2805 et
2210 2748 2406 2806 totam
2453 2743 2519 2807 in

30 2841 86 2886 30
120 2842 345 2905 preces
408 2822 755 2887 orationem
802 2843 1080 2908 versam3
1145 2844 1263 2887 nec
1319 2824 1490 2888 enim
1548 2824 1616 2888 in
1663 2844 1857 2898 causa
1916 2826 2215 2910 ipsorum,
2278 2830 2393 2893 sed
2451 2830 2517 2893 in

121 3011 191 3076 M,
229 3012 346 3067 eod.
385 3011 549 3066 Harl.
592 3014 599 3078 Ι
644 3017 688 3068 1.
727 3018 813 3065 est
856 3012 928 3065 ab
975 3012 1165 3065 Lamia
1203 3012 1294 3065 M‘?
1332 3014 1342 3078 Ι
1385 3017 1432 3068 5.
1471 3013 1566 3081 qui
1603 3018 1767 3066 antea
1803 3014 1875 3068 M.
1927 3017 1934 3081 1
1986 3019 2033 3069 7.
2072 3017 2366 3071 naualibus
2399 3018 2463 3072 B.
2507 3019 2513 3088 Ι

121 3100 166 3151 9.
217 3096 523 3163 pertineret
566 3097 629 3166 B,
676 3099 791 3153 eod.
828 3116 928 3152 ree.
967 3099 1124 3164 (Lov.
1158 3100 1216 3164 2)
1253 3105 1301 3153 et
1338 3100 1417 3153 ed.
1465 3106 1592 3152 ante
1637 3100 1861 3153 Aldum.
1913 3103 1920 3166 Ι
1976 3105 2055 3156 11.
2106 3102 2366 3156 traiceret
2400 3103 2463 3157 B.
2506 3103 2513 3173 Ι

124 3187 203 3239 18.
241 3189 300 3237 et
335 3199 545 3251 paucos
589 3188 714 3251 post
759 3183 878 3237 dies
915 3185 1303 3240 Drakenborch
1346 3187 1410 3238 iu
1457 3186 1607 3251 adn„
1645 3187 1713 3252 cf.
1752 3187 1833 3239 M.
1872 3188 2104 3242 Mueller
2129 3206 2320 3258 progr.
2362 3190 2517 3245 Steu-

123 3271 214 3324 dal
248 3274 392 3324 1888
419 3289 480 3339 p.
507 3275 540 3324 7
549 3291 568 3338 ;
612 3275 669 3323 et
715 3270 789 3323 ad
832 3284 1044 3337 paucos
1089 3274 1217 3337 post
1260 3270 1380 3324 dies
1428 3272 1544 3326 cod.
1592 3270 1678 3338 (B)
1724 3277 1772 3325 et
1817 3273 1896 3326 ed.
1945 3276 2243 3343 antiquiss;
2289 3279 2346 3329 et
2391 3282 2518 3343 post

122 3370 328 3421 paucos
365 3355 487 3409 dies
524 3356 630 3425 M?‚
680 3357 935 3411 Gelenius
972 3364 1021 3411 et
1056 3358 1135 3411 ed.
1172 3374 1274 3426 seq.
1318 3358 1327 3423 1
1374 3360 1451 3412 19.
1492 3356 1815 3409 dimiserant
1859 3358 2076 3427 legatos
2115 3361 2184 3413 M.
2230 3364 2238 3427 1
2278 3365 2363 3418 23.
2402 3363 2515 3432 eiq,

123 3456 260 3508 quae
287 3442 361 3511 B3
408 3442 460 3495 ei
493 3457 636 3509 quae
664 3443 779 3498 cod.
817 3460 918 3498 ree.
949 3449 997 3496 et
1024 3444 1104 3497 ed.
1143 3450 1239 3498 vet.
1281 3444 1289 3508 Ι
1330 3445 1412 3497 24.
1443 3442 1656 3511 hypata
1682 3443 1744 3496 B.
1786 3446 1795 3509 1
1835 3447 1918 3499 26.
1948 3446 2273 3513 parantibus
2300 3448 2368 3502 iis
2397 3452 2512 3505 cod.

124 3526 206 3596 (B)
243 3535 293 3583 et
329 3529 411 3583 ed.
440 3534 536 3583 vet.
545 3549 566 3595 ;
608 3528 694 3581 his
730 3527 1057 3596 parantibus
1086 3529 1155 3582 M.
1197 3529 1207 3595 Ι
1247 3532 1329 3583 27.
1369 3529 1492 3581 iura
1518 3529 1599 3596 M3
1641 3547 1743 3585 om.
1781 3533 1873 3585 rel.
1903 3533 2017 3587 eod.
2056 3533 2143 3601 (B)
2176 3542 2225 3589 et
2256 3536 2337 3590 ed.
2365 3539 2507 3590 auti·

128 3616 283 3681 quies.
326 3617 334 3681 Ι
375 3617 461 3670 28.
508 3629 572 3667 ac
616 3614 897 3681 rupissent
940 3614 1022 3683 M3
1069 3634 1171 3670 om.
1217 3616 1310 3670 rel.
1359 3617 1474 3671 eod.
1514 3615 1600 3683 (B)
1646 3621 1696 3671 et
1740 3618 1819 3671 ed.
1865 3625 1990 3673 ante
2028 3620 2262 3676 Gronov.
2309 3626 2465 3679 1665.
2504 3621 2511 3690 Ι

129 3701 203 3754 30.
237 3701 296 3754 in
333 3716 505 3754 causa
541 3702 658 3756 eod.
694 3719 793 3757 ree.
832 3704 990 3769 (Lov.
1016 3704 1090 3769 3),
1136 3703 1217 3757 ed.
1267 3703 1398 3757 Par.
1426 3706 1581 3771 1510,
1627 3702 1683 3756 in
1720 3703 1892 3759 causav
1935 3706 1999 3774 B,
2043 3724 2144 3763 ree.
2185 3711 2429 3779 plerique
2466 3717 2515 3764 et

130 3787 200 3840 ed.
235 3789 525 3858 antiquiss.
566 3789 576 3851 Ι
