<?xml version="1.0" encoding="UTF-8"?>
<!DOCTYPE html PUBLIC "-//W3C//DTD XHTML 1.0 Transitional//EN"
    "http://www.w3.org/TR/xhtml1/DTD/xhtml1-transitional.dtd">
<html xmlns="http://www.w3.org/1999/xhtml" xml:lang="en" lang="en">
 <head>
  <title>
</title>
<meta http-equiv="Content-Type" content="text/html;charset=utf-8" />
  <meta name='ocr-system' content='tesseract 3.04.00' />
  <meta name='ocr-capabilities' content='ocr_page ocr_carea ocr_par ocr_line ocrx_word'/>
</head>
<body>
  <div class='ocr_page' id='page_1' title='image "./tliviaburbecond00zinggoog_0052.png"; bbox 0 0 2925 4278; ppageno 0'>
   <div class='ocr_carea' id='block_1_1' title="bbox 568 149 2443 234">
    <p class='ocr_par' dir='ltr' id='par_1_1' title="bbox 568 149 2443 234">
     <span class='ocr_line' id='line_1_1' title="bbox 568 149 2443 234; baseline 0.001 -14"><span class='ocrx_word' id='word_1_1' title='bbox 568 168 787 220; x_wconf 85' lang='lat' dir='ltr'>LIBER</span> <span class='ocrx_word' id='word_1_2' title='bbox 825 166 1085 222; x_wconf 83' lang='lat' dir='ltr'>XXXVI.</span> <span class='ocrx_word' id='word_1_3' title='bbox 1123 166 1289 220; x_wconf 80' lang='lat' dir='ltr'>oAP.</span> <span class='ocrx_word' id='word_1_4' title='bbox 1317 169 1400 222; x_wconf 87' lang='lat'>39.</span> <span class='ocrx_word' id='word_1_5' title='bbox 1428 169 1511 222; x_wconf 86' lang='lat'>40.</span> <span class='ocrx_word' id='word_1_6' title='bbox 1553 166 1626 234; x_wconf 77' lang='lat' dir='ltr'>[a.</span> <span class='ocrx_word' id='word_1_7' title='bbox 1652 166 1718 221; x_wconf 88' lang='lat' dir='ltr'>U.</span> <span class='ocrx_word' id='word_1_8' title='bbox 1745 182 1790 220; x_wconf 71' lang='grc' dir='ltr'>ο.</span> <span class='ocrx_word' id='word_1_9' title='bbox 1819 168 1954 234; x_wconf 84' lang='lat'>563].</span> <span class='ocrx_word' id='word_1_10' title='bbox 2357 149 2443 211; x_wconf 82' lang='lat'>43</span> 
     </span>
    </p>
   </div>
   <div class='ocr_carea' id='block_1_2' title="bbox 33 339 2543 2929">
    <p class='ocr_par' dir='ltr' id='par_1_2' title="bbox 80 339 2543 685">
     <span class='ocr_line' id='line_1_2' title="bbox 85 339 2443 422; baseline 0.002 -19"><span class='ocrx_word' id='word_1_11' title='bbox 85 341 149 417; x_wconf 81' lang='lat' dir='ltr'>Q.</span> <span class='ocrx_word' id='word_1_12' title='bbox 179 342 442 406; x_wconf 91' lang='lat' dir='ltr'>Minucio</span> <span class='ocrx_word' id='word_1_13' title='bbox 489 341 779 421; x_wconf 82' lang='lat' dir='ltr'>misisset,</span> <span class='ocrx_word' id='word_1_14' title='bbox 827 341 932 422; x_wconf 92' lang='lat' dir='ltr'>qui</span> <span class='ocrx_word' id='word_1_15' title='bbox 978 341 1103 404; x_wconf 91' lang='lat' dir='ltr'>iam</span> <span class='ocrx_word' id='word_1_16' title='bbox 1152 340 1405 404; x_wconf 90' lang='lat' dir='ltr'>tertium</span> <span class='ocrx_word' id='word_1_17' title='bbox 1437 339 1527 404; x_wconf 92' lang='lat' dir='ltr'>ibi</span> <span class='ocrx_word' id='word_1_18' title='bbox 1559 360 1798 404; x_wconf 93' lang='lat' dir='ltr'>annum</span> <span class='ocrx_word' id='word_1_19' title='bbox 1830 340 2023 406; x_wconf 92' lang='lat' dir='ltr'>dubio</span> <span class='ocrx_word' id='word_1_20' title='bbox 2056 340 2443 407; x_wconf 80' lang='lat' dir='ltr'><strong>detineretur</strong></span> 
     </span>
     <span class='ocr_line' id='line_1_3' title="bbox 84 426 2543 511; baseline 0.001 -20"><span class='ocrx_word' id='word_1_21' title='bbox 84 427 244 508; x_wconf 91' lang='lat' dir='ltr'>bello,</span> <span class='ocrx_word' id='word_1_22' title='bbox 289 428 589 492; x_wconf 92' lang='lat' dir='ltr'>debellari</span> <span class='ocrx_word' id='word_1_23' title='bbox 634 449 775 492; x_wconf 89' lang='lat' dir='ltr'>cum</span> <span class='ocrx_word' id='word_1_24' title='bbox 821 427 1161 509; x_wconf 85' lang='lat' dir='ltr'>Liguribus</span> <span class='ocrx_word' id='word_1_25' title='bbox 1206 427 1522 510; x_wconf 89' lang='lat' dir='ltr'>potuisse;</span> <span class='ocrx_word' id='word_1_26' title='bbox 1570 446 1740 490; x_wconf 90' lang='lat' dir='ltr'>nunc</span> <span class='ocrx_word' id='word_1_27' title='bbox 1784 426 1868 490; x_wconf 93' lang='lat' dir='ltr'>ad</span> <span class='ocrx_word' id='word_1_28' title='bbox 1899 428 2285 511; x_wconf 90' lang='lat' dir='ltr'>triumphum</span> <span class='ocrx_word' id='word_1_29' title='bbox 2324 429 2440 494; x_wconf 90' lang='lat' dir='ltr'>fre·</span> <span class='ocrx_word' id='word_1_30' title='bbox 2513 439 2543 486; x_wconf 85' lang='lat'>8</span> 
     </span>
     <span class='ocr_line' id='line_1_4' title="bbox 83 512 2439 599; baseline 0 -21"><span class='ocrx_word' id='word_1_31' title='bbox 83 514 487 594; x_wconf 91' lang='lat' dir='ltr'>quentandum</span> <span class='ocrx_word' id='word_1_32' title='bbox 534 514 842 579; x_wconf 90' lang='lat' dir='ltr'>deductos</span> <span class='ocrx_word' id='word_1_33' title='bbox 888 534 1027 578; x_wconf 91' lang='lat' dir='ltr'>esse</span> <span class='ocrx_word' id='word_1_34' title='bbox 1074 514 1325 592; x_wconf 81' lang='lat' dir='ltr'>militeS,</span> <span class='ocrx_word' id='word_1_35' title='bbox 1376 513 1482 593; x_wconf 93' lang='lat' dir='ltr'>qui</span> <span class='ocrx_word' id='word_1_36' title='bbox 1530 512 1851 595; x_wconf 83' lang='lat' dir='ltr'>egregiam</span> <span class='ocrx_word' id='word_1_37' title='bbox 1899 534 2136 578; x_wconf 85' lang='lat' dir='ltr'>navare</span> <span class='ocrx_word' id='word_1_38' title='bbox 2183 535 2439 599; x_wconf 85' lang='lat' dir='ltr'><strong>operam</strong></span> 
     </span>
     <span class='ocr_line' id='line_1_5' title="bbox 80 599 2440 685; baseline 0.001 -22"><span class='ocrx_word' id='word_1_39' title='bbox 80 601 158 664; x_wconf 91' lang='lat' dir='ltr'>rei</span> <span class='ocrx_word' id='word_1_40' title='bbox 197 601 481 685; x_wconf 91' lang='lat' dir='ltr'>publicae</span> <span class='ocrx_word' id='word_1_41' title='bbox 527 601 898 683; x_wconf 90' lang='lat' dir='ltr'>potuissent,</span> <span class='ocrx_word' id='word_1_42' title='bbox 946 606 1204 682; x_wconf 82' lang='lat' dir='ltr'>possent</span> <span class='ocrx_word' id='word_1_43' title='bbox 1250 600 1459 678; x_wconf 91' lang='lat' dir='ltr'>etiam,</span> <span class='ocrx_word' id='word_1_44' title='bbox 1512 600 1565 663; x_wconf 91' lang='lat' dir='ltr'>si</span> <span class='ocrx_word' id='word_1_45' title='bbox 1621 606 1900 679; x_wconf 82' lang='lat' dir='ltr'>senatuS,</span> <span class='ocrx_word' id='word_1_46' title='bbox 1957 599 2125 681; x_wconf 91' lang='lat' dir='ltr'>quod</span> <span class='ocrx_word' id='word_1_47' title='bbox 2186 600 2440 666; x_wconf 89' lang='lat' dir='ltr'>festina—</span> 
     </span>
    </p>

    <p class='ocr_par' dir='ltr' id='par_1_3' title="bbox 33 684 2539 1116">
     <span class='ocr_line' id='line_1_6' title="bbox 33 684 2438 772; baseline 0.002 -27"><span class='ocrx_word' id='word_1_48' title='bbox 33 698 50 745; x_wconf 71' lang='lat'>5</span> <span class='ocrx_word' id='word_1_49' title='bbox 80 687 227 751; x_wconf 92' lang='lat' dir='ltr'>tione</span> <span class='ocrx_word' id='word_1_50' title='bbox 267 686 564 771; x_wconf 91' lang='lat' dir='ltr'>triumphi</span> <span class='ocrx_word' id='word_1_51' title='bbox 611 687 1123 772; x_wconf 89' lang='lat' dir='ltr'>praetermissum</span> <span class='ocrx_word' id='word_1_52' title='bbox 1155 692 1340 765; x_wconf 89' lang='lat' dir='ltr'>esset,</span> <span class='ocrx_word' id='word_1_53' title='bbox 1387 684 1453 747; x_wconf 91' lang='lat' dir='ltr'>id</span> <span class='ocrx_word' id='word_1_54' title='bbox 1485 686 1814 750; x_wconf 87' lang='lat' dir='ltr'><strong>restituere</strong></span> <span class='ocrx_word' id='word_1_55' title='bbox 1845 685 2196 751; x_wconf 88' lang='lat' dir='ltr'>differendo</span> <span class='ocrx_word' id='word_1_56' title='bbox 2229 687 2438 751; x_wconf 92' lang='lat' dir='ltr'>trium-</span> 
     </span>
     <span class='ocr_line' id='line_1_7' title="bbox 80 772 2539 857; baseline -0.001 -23"><span class='ocrx_word' id='word_1_57' title='bbox 80 772 186 854; x_wconf 89' lang='lat' dir='ltr'>pho</span> <span class='ocrx_word' id='word_1_58' title='bbox 227 774 426 839; x_wconf 85' lang='lat' dir='ltr'>vellet.</span> <span class='ocrx_word' id='word_1_59' title='bbox 522 774 812 838; x_wconf 90' lang='lat' dir='ltr'>iuberent</span> <span class='ocrx_word' id='word_1_60' title='bbox 859 773 1177 837; x_wconf 92' lang='lat' dir='ltr'>consulem</span> <span class='ocrx_word' id='word_1_61' title='bbox 1225 792 1368 836; x_wconf 90' lang='lat' dir='ltr'>cum</span> <span class='ocrx_word' id='word_1_62' title='bbox 1413 772 1771 854; x_wconf 83' lang='lat' dir='ltr'>legionibus</span> <span class='ocrx_word' id='word_1_63' title='bbox 1817 772 2021 838; x_wconf 91' lang='lat' dir='ltr'>redire</span> <span class='ocrx_word' id='word_1_64' title='bbox 2081 774 2147 836; x_wconf 94' lang='lat' dir='ltr'>in</span> <span class='ocrx_word' id='word_1_65' title='bbox 2193 774 2437 857; x_wconf 85' lang='lat' dir='ltr'>provin·</span> <span class='ocrx_word' id='word_1_66' title='bbox 2510 785 2539 831; x_wconf 87' lang='lat'>9</span> 
     </span>
     <span class='ocr_line' id='line_1_8' title="bbox 82 857 2438 943; baseline 0.001 -22"><span class='ocrx_word' id='word_1_67' title='bbox 82 859 237 939; x_wconf 87' lang='lat' dir='ltr'>ciam,</span> <span class='ocrx_word' id='word_1_68' title='bbox 284 859 432 925; x_wconf 90' lang='lat' dir='ltr'>dare</span> <span class='ocrx_word' id='word_1_69' title='bbox 479 880 757 943; x_wconf 87' lang='lat' dir='ltr'><strong>operam,</strong></span> <span class='ocrx_word' id='word_1_70' title='bbox 805 865 875 922; x_wconf 95' lang='lat' dir='ltr'>ut</span> <span class='ocrx_word' id='word_1_71' title='bbox 919 859 1185 942; x_wconf 83' lang='lat' dir='ltr'>Ligures</span> <span class='ocrx_word' id='word_1_72' title='bbox 1233 857 1624 940; x_wconf 89' lang='lat' dir='ltr'>subigantur.</span> <span class='ocrx_word' id='word_1_73' title='bbox 1720 858 1839 923; x_wconf 89' lang='lat' dir='ltr'>nisi</span> <span class='ocrx_word' id='word_1_74' title='bbox 1886 859 1975 922; x_wconf 92' lang='lat' dir='ltr'>illi</span> <span class='ocrx_word' id='word_1_75' title='bbox 2023 867 2329 943; x_wconf 79' lang='lat' dir='ltr'>cogantur</span> <span class='ocrx_word' id='word_1_76' title='bbox 2372 861 2438 923; x_wconf 93' lang='lat' dir='ltr'>in</span> 
     </span>
     <span class='ocr_line' id='line_1_9' title="bbox 81 943 2435 1031; baseline 0.002 -25"><span class='ocrx_word' id='word_1_77' title='bbox 81 943 161 1008; x_wconf 91' lang='lat' dir='ltr'>ius</span> <span class='ocrx_word' id='word_1_78' title='bbox 197 946 618 1027; x_wconf 90' lang='lat' dir='ltr'>iudiciumque</span> <span class='ocrx_word' id='word_1_79' title='bbox 664 946 881 1031; x_wconf 90' lang='lat' dir='ltr'>populi</span> <span class='ocrx_word' id='word_1_80' title='bbox 926 944 1217 1023; x_wconf 90' lang='lat' dir='ltr'>Romani,</span> <span class='ocrx_word' id='word_1_81' title='bbox 1266 964 1347 1007; x_wconf 94' lang='lat' dir='ltr'>ne</span> <span class='ocrx_word' id='word_1_82' title='bbox 1392 945 1585 1009; x_wconf 89' lang='lat' dir='ltr'>Boios</span> <span class='ocrx_word' id='word_1_83' title='bbox 1633 944 1887 1025; x_wconf 90' lang='lat' dir='ltr'>quidem</span> <span class='ocrx_word' id='word_1_84' title='bbox 1921 946 2276 1028; x_wconf 88' lang='lat' dir='ltr'>quieturos;</span> <span class='ocrx_word' id='word_1_85' title='bbox 2324 954 2435 1011; x_wconf 89' lang='lat' dir='ltr'>aut</span> 
     </span>
     <span class='ocr_line' id='line_1_10' title="bbox 80 1029 2539 1116; baseline 0.001 -21"><span class='ocrx_word' id='word_1_86' title='bbox 80 1050 269 1112; x_wconf 88' lang='lat' dir='ltr'>pacem</span> <span class='ocrx_word' id='word_1_87' title='bbox 311 1038 420 1097; x_wconf 92' lang='lat' dir='ltr'>aut</span> <span class='ocrx_word' id='word_1_88' title='bbox 466 1033 703 1097; x_wconf 91' lang='lat' dir='ltr'>bellum</span> <span class='ocrx_word' id='word_1_89' title='bbox 754 1032 1081 1112; x_wconf 89' lang='lat' dir='ltr'>utrobique</span> <span class='ocrx_word' id='word_1_90' title='bbox 1113 1030 1427 1094; x_wconf 92' lang='lat' dir='ltr'>habenda.</span> <span class='ocrx_word' id='word_1_91' title='bbox 1508 1029 1775 1094; x_wconf 86' lang='lat' dir='ltr'>devictis</span> <span class='ocrx_word' id='word_1_92' title='bbox 1806 1031 2165 1113; x_wconf 87' lang='lat' dir='ltr'>Liguribus,</span> <span class='ocrx_word' id='word_1_93' title='bbox 2198 1054 2435 1116; x_wconf 90' lang='lat' dir='ltr'>paucos</span> <span class='ocrx_word' id='word_1_94' title='bbox 2475 1045 2539 1091; x_wconf 91' lang='lat'>10</span> 
     </span>
    </p>

    <p class='ocr_par' dir='ltr' id='par_1_4' title="bbox 33 1117 2537 1540">
     <span class='ocr_line' id='line_1_11' title="bbox 33 1117 2437 1202; baseline 0.001 -21"><span class='ocrx_word' id='word_1_95' title='bbox 33 1124 197 1198; x_wconf 83' lang='lat' dir='ltr'>opost</span> <span class='ocrx_word' id='word_1_96' title='bbox 236 1139 483 1184; x_wconf 90' lang='lat' dir='ltr'>menses</span> <span class='ocrx_word' id='word_1_97' title='bbox 550 1119 987 1202; x_wconf 80' lang='lat' dir='ltr'>proconsulem</span> <span class='ocrx_word' id='word_1_98' title='bbox 1033 1118 1101 1181; x_wconf 91' lang='lat' dir='ltr'>P.</span> <span class='ocrx_word' id='word_1_99' title='bbox 1139 1117 1496 1181; x_wconf 85' lang='lat' dir='ltr'>Cornelium</span> <span class='ocrx_word' id='word_1_100' title='bbox 1559 1118 1892 1181; x_wconf 91' lang='lat' dir='ltr'>multorum</span> <span class='ocrx_word' id='word_1_101' title='bbox 1955 1119 2267 1201; x_wconf 85' lang='lat' dir='ltr'>exemplo,</span> <span class='ocrx_word' id='word_1_102' title='bbox 2332 1121 2437 1201; x_wconf 93' lang='lat' dir='ltr'>qui</span> 
     </span>
     <span class='ocr_line' id='line_1_12' title="bbox 81 1201 2536 1288; baseline 0.001 -22"><span class='ocrx_word' id='word_1_103' title='bbox 81 1201 130 1265; x_wconf 89' lang='lat' dir='ltr'>in</span> <span class='ocrx_word' id='word_1_104' title='bbox 167 1206 531 1288; x_wconf 89' lang='lat' dir='ltr'>magistratu</span> <span class='ocrx_word' id='word_1_105' title='bbox 577 1225 703 1269; x_wconf 93' lang='lat' dir='ltr'>non</span> <span class='ocrx_word' id='word_1_106' title='bbox 751 1203 1317 1287; x_wconf 88' lang='lat' dir='ltr'>triumphaverunt,</span> <span class='ocrx_word' id='word_1_107' title='bbox 1365 1203 1894 1286; x_wconf 86' lang='lat' dir='ltr'><strong>triumphaturum</strong></span> <span class='ocrx_word' id='word_1_108' title='bbox 1943 1224 2101 1269; x_wconf 88' lang='lat' dir='ltr'>esse.</span> <span class='ocrx_word' id='word_1_109' title='bbox 2151 1207 2286 1268; x_wconf 90' lang='lat' dir='ltr'>XL.</span> <span class='ocrx_word' id='word_1_110' title='bbox 2334 1206 2436 1269; x_wconf 89' lang='lat' dir='ltr'>Ad</span> <span class='ocrx_word' id='word_1_111' title='bbox 2512 1218 2536 1262; x_wconf 93' lang='lat'>1</span> 
     </span>
     <span class='ocr_line' id='line_1_13' title="bbox 81 1289 2435 1374; baseline 0.002 -23"><span class='ocrx_word' id='word_1_112' title='bbox 81 1308 141 1351; x_wconf 90' lang='lat' dir='ltr'>ea</span> <span class='ocrx_word' id='word_1_113' title='bbox 178 1292 380 1356; x_wconf 88' lang='lat' dir='ltr'>consul</span> <span class='ocrx_word' id='word_1_114' title='bbox 426 1310 639 1372; x_wconf 91' lang='lat' dir='ltr'>neque</span> <span class='ocrx_word' id='word_1_115' title='bbox 685 1311 754 1355; x_wconf 92' lang='lat' dir='ltr'>se</span> <span class='ocrx_word' id='word_1_116' title='bbox 799 1291 1067 1374; x_wconf 90' lang='lat' dir='ltr'>Ligures</span> <span class='ocrx_word' id='word_1_117' title='bbox 1112 1289 1504 1373; x_wconf 89' lang='lat' dir='ltr'>provinciam</span> <span class='ocrx_word' id='word_1_118' title='bbox 1552 1290 1837 1353; x_wconf 91' lang='lat' dir='ltr'>sortitum</span> <span class='ocrx_word' id='word_1_119' title='bbox 1887 1310 2025 1355; x_wconf 90' lang='lat' dir='ltr'>esse</span> <span class='ocrx_word' id='word_1_120' title='bbox 2071 1292 2179 1368; x_wconf 91' lang='lat' dir='ltr'>ait,</span> <span class='ocrx_word' id='word_1_121' title='bbox 2228 1311 2435 1372; x_wconf 88' lang='lat' dir='ltr'>neque</span> 
     </span>
     <span class='ocr_line' id='line_1_14' title="bbox 81 1375 2436 1461; baseline 0.002 -25"><span class='ocrx_word' id='word_1_122' title='bbox 81 1393 195 1438; x_wconf 85' lang='lat' dir='ltr'>eum</span> <span class='ocrx_word' id='word_1_123' title='bbox 233 1377 574 1461; x_wconf 89' lang='lat' dir='ltr'>Liguribus</span> <span class='ocrx_word' id='word_1_124' title='bbox 620 1377 855 1441; x_wconf 91' lang='lat' dir='ltr'>bellum</span> <span class='ocrx_word' id='word_1_125' title='bbox 899 1376 1193 1459; x_wconf 83' lang='lat' dir='ltr'>gessisse,</span> <span class='ocrx_word' id='word_1_126' title='bbox 1241 1396 1449 1456; x_wconf 91' lang='lat' dir='ltr'>neque</span> <span class='ocrx_word' id='word_1_127' title='bbox 1505 1375 1889 1458; x_wconf 91' lang='lat' dir='ltr'>triumphum</span> <span class='ocrx_word' id='word_1_128' title='bbox 1954 1376 2033 1441; x_wconf 92' lang='lat' dir='ltr'>de</span> <span class='ocrx_word' id='word_1_129' title='bbox 2092 1377 2171 1440; x_wconf 94' lang='lat' dir='ltr'>iis</span> <span class='ocrx_word' id='word_1_130' title='bbox 2230 1384 2436 1461; x_wconf 92' lang='lat' dir='ltr'>postu-</span> 
     </span>
     <span class='ocr_line' id='line_1_15' title="bbox 80 1460 2537 1540; baseline 0 -17"><span class='ocrx_word' id='word_1_131' title='bbox 80 1460 197 1526; x_wconf 83' lang='lat' dir='ltr'>lare.</span> <span class='ocrx_word' id='word_1_132' title='bbox 285 1463 355 1540; x_wconf 81' lang='lat' dir='ltr'>Q.</span> <span class='ocrx_word' id='word_1_133' title='bbox 390 1463 742 1528; x_wconf 89' lang='lat' dir='ltr'>Minucium</span> <span class='ocrx_word' id='word_1_134' title='bbox 805 1463 1121 1528; x_wconf 90' lang='lat' dir='ltr'>confidere</span> <span class='ocrx_word' id='word_1_135' title='bbox 1184 1462 1361 1525; x_wconf 89' lang='lat' dir='ltr'>brevi</span> <span class='ocrx_word' id='word_1_136' title='bbox 1423 1461 1702 1525; x_wconf 90' lang='lat' dir='ltr'>subactis</span> <span class='ocrx_word' id='word_1_137' title='bbox 1746 1463 1825 1526; x_wconf 91' lang='lat' dir='ltr'>iis</span> <span class='ocrx_word' id='word_1_138' title='bbox 1870 1464 2162 1527; x_wconf 94' lang='lat' dir='ltr'>meritum</span> <span class='ocrx_word' id='word_1_139' title='bbox 2225 1464 2434 1527; x_wconf 91' lang='lat' dir='ltr'>trium-</span> <span class='ocrx_word' id='word_1_140' title='bbox 2508 1478 2537 1524; x_wconf 81' lang='lat'>2</span> 
     </span>
    </p>

    <p class='ocr_par' dir='ltr' id='par_1_5' title="bbox 33 1546 2537 1974">
     <span class='ocr_line' id='line_1_16' title="bbox 33 1546 2537 1633; baseline 0.001 -24"><span class='ocrx_word' id='word_1_141' title='bbox 33 1546 241 1628; x_wconf 70' lang='lat' dir='ltr'>sphum</span> <span class='ocrx_word' id='word_1_142' title='bbox 283 1550 747 1633; x_wconf 90' lang='lat' dir='ltr'>postulaturum</span> <span class='ocrx_word' id='word_1_143' title='bbox 793 1556 983 1631; x_wconf 89' lang='lat' dir='ltr'>atque</span> <span class='ocrx_word' id='word_1_144' title='bbox 1027 1548 1507 1630; x_wconf 91' lang='lat' dir='ltr'>impetraturum</span> <span class='ocrx_word' id='word_1_145' title='bbox 1555 1567 1728 1630; x_wconf 82' lang='lat' dir='ltr'>esse3</span> <span class='ocrx_word' id='word_1_146' title='bbox 1791 1568 1859 1612; x_wconf 90' lang='lat' dir='ltr'>se</span> <span class='ocrx_word' id='word_1_147' title='bbox 1907 1548 1986 1612; x_wconf 92' lang='lat' dir='ltr'>de</span> <span class='ocrx_word' id='word_1_148' title='bbox 2042 1550 2241 1614; x_wconf 83' lang='lat' dir='ltr'>Gallis</span> <span class='ocrx_word' id='word_1_149' title='bbox 2285 1551 2435 1616; x_wconf 91' lang='lat' dir='ltr'>Bois</span> <span class='ocrx_word' id='word_1_150' title='bbox 2507 1565 2537 1611; x_wconf 88' lang='lat'><strong>3</strong></span> 
     </span>
     <span class='ocr_line' id='line_1_17' title="bbox 79 1634 2434 1719; baseline 0.003 -23"><span class='ocrx_word' id='word_1_151' title='bbox 79 1636 354 1714; x_wconf 89' lang='lat' dir='ltr'>postulare</span> <span class='ocrx_word' id='word_1_152' title='bbox 402 1636 815 1719; x_wconf 88' lang='lat' dir='ltr'>triumphum,</span> <span class='ocrx_word' id='word_1_153' title='bbox 865 1654 1021 1716; x_wconf 93' lang='lat' dir='ltr'>quos</span> <span class='ocrx_word' id='word_1_154' title='bbox 1066 1635 1205 1698; x_wconf 86' lang='lat' dir='ltr'>acie</span> <span class='ocrx_word' id='word_1_155' title='bbox 1252 1634 1491 1713; x_wconf 87' lang='lat' dir='ltr'>vicerit,</span> <span class='ocrx_word' id='word_1_156' title='bbox 1557 1635 1778 1699; x_wconf 90' lang='lat' dir='ltr'>castris</span> <span class='ocrx_word' id='word_1_157' title='bbox 1841 1637 2103 1717; x_wconf 83' lang='lat' dir='ltr'>exuerit,</span> <span class='ocrx_word' id='word_1_158' title='bbox 2167 1657 2434 1717; x_wconf 90' lang='lat' dir='ltr'>quorum</span> 
     </span>
     <span class='ocr_line' id='line_1_18' title="bbox 79 1721 2436 1806; baseline 0.003 -25"><span class='ocrx_word' id='word_1_159' title='bbox 79 1727 294 1798; x_wconf 85' lang='lat' dir='ltr'>gentem</span> <span class='ocrx_word' id='word_1_160' title='bbox 361 1722 561 1788; x_wconf 91' lang='lat' dir='ltr'>biduo</span> <span class='ocrx_word' id='word_1_161' title='bbox 622 1728 764 1806; x_wconf 92' lang='lat' dir='ltr'>post</span> <span class='ocrx_word' id='word_1_162' title='bbox 823 1742 1104 1804; x_wconf 90' lang='lat' dir='ltr'>pugnam</span> <span class='ocrx_word' id='word_1_163' title='bbox 1174 1727 1367 1784; x_wconf 91' lang='lat' dir='ltr'>totam</span> <span class='ocrx_word' id='word_1_164' title='bbox 1429 1721 1746 1803; x_wconf 90' lang='lat' dir='ltr'>acceperit</span> <span class='ocrx_word' id='word_1_165' title='bbox 1806 1722 1870 1784; x_wconf 93' lang='lat' dir='ltr'>in</span> <span class='ocrx_word' id='word_1_166' title='bbox 1935 1722 2338 1803; x_wconf 92' lang='lat' dir='ltr'>deditionem,</span> <span class='ocrx_word' id='word_1_167' title='bbox 2395 1745 2436 1788; x_wconf 92' lang='lat' dir='ltr'>a</span> 
     </span>
     <span class='ocr_line' id='line_1_19' title="bbox 80 1806 2537 1890; baseline 0.001 -23"><span class='ocrx_word' id='word_1_168' title='bbox 80 1806 267 1883; x_wconf 90' lang='lat' dir='ltr'>quibus</span> <span class='ocrx_word' id='word_1_169' title='bbox 309 1808 570 1874; x_wconf 90' lang='lat' dir='ltr'>obsides</span> <span class='ocrx_word' id='word_1_170' title='bbox 616 1807 973 1886; x_wconf 84' lang='lat' dir='ltr'>abduxerit,</span> <span class='ocrx_word' id='word_1_171' title='bbox 1019 1807 1195 1890; x_wconf 90' lang='lat' dir='ltr'>pacis</span> <span class='ocrx_word' id='word_1_172' title='bbox 1248 1806 1498 1870; x_wconf 90' lang='lat' dir='ltr'>futurae</span> <span class='ocrx_word' id='word_1_173' title='bbox 1529 1808 1778 1890; x_wconf 90' lang='lat' dir='ltr'>pignus.</span> <span class='ocrx_word' id='word_1_174' title='bbox 1860 1828 2078 1872; x_wconf 88' lang='lat' dir='ltr'>verum</span> <span class='ocrx_word' id='word_1_175' title='bbox 2111 1810 2433 1874; x_wconf 88' lang='lat' dir='ltr'>enimvero</span> <span class='ocrx_word' id='word_1_176' title='bbox 2504 1825 2537 1870; x_wconf 87' lang='lat'>4</span> 
     </span>
     <span class='ocr_line' id='line_1_20' title="bbox 79 1888 2436 1974; baseline 0.004 -25"><span class='ocrx_word' id='word_1_177' title='bbox 79 1888 200 1955; x_wconf 92' lang='lat' dir='ltr'>illud</span> <span class='ocrx_word' id='word_1_178' title='bbox 239 1896 430 1959; x_wconf 92' lang='lat' dir='ltr'>multo</span> <span class='ocrx_word' id='word_1_179' title='bbox 479 1894 687 1959; x_wconf 89' lang='lat' dir='ltr'>maius</span> <span class='ocrx_word' id='word_1_180' title='bbox 734 1914 891 1972; x_wconf 90' lang='lat' dir='ltr'>esse,</span> <span class='ocrx_word' id='word_1_181' title='bbox 925 1893 1094 1974; x_wconf 90' lang='lat' dir='ltr'>quod</span> <span class='ocrx_word' id='word_1_182' title='bbox 1126 1899 1370 1956; x_wconf 91' lang='lat' dir='ltr'>tantum</span> <span class='ocrx_word' id='word_1_183' title='bbox 1415 1913 1747 1957; x_wconf 91' lang='lat' dir='ltr'>numerum</span> <span class='ocrx_word' id='word_1_184' title='bbox 1781 1894 2100 1959; x_wconf 84' lang='lat' dir='ltr'>Gallorum</span> <span class='ocrx_word' id='word_1_185' title='bbox 2135 1895 2436 1960; x_wconf 90' lang='lat' dir='ltr'>occiderit</span> 
     </span>
    </p>

    <p class='ocr_par' dir='ltr' id='par_1_6' title="bbox 33 1974 2535 2411">
     <span class='ocr_line' id='line_1_21' title="bbox 33 1974 2435 2065; baseline 0.004 -28"><span class='ocrx_word' id='word_1_186' title='bbox 33 1991 56 2038; x_wconf 81' lang='lat' dir='ltr'><strong>o</strong></span> <span class='ocrx_word' id='word_1_187' title='bbox 81 1974 130 2039; x_wconf 91' lang='lat' dir='ltr'>in</span> <span class='ocrx_word' id='word_1_188' title='bbox 165 1981 306 2061; x_wconf 87' lang='lat' dir='ltr'>acie,</span> <span class='ocrx_word' id='word_1_189' title='bbox 353 1988 514 2064; x_wconf 92' lang='lat' dir='ltr'>quot</span> <span class='ocrx_word' id='word_1_190' title='bbox 562 1986 703 2045; x_wconf 89' lang='lat' dir='ltr'>cum</span> <span class='ocrx_word' id='word_1_191' title='bbox 750 1981 1004 2044; x_wconf 90' lang='lat' dir='ltr'>milibus</span> <span class='ocrx_word' id='word_1_192' title='bbox 1050 1986 1217 2043; x_wconf 90' lang='lat' dir='ltr'>cer-te</span> <span class='ocrx_word' id='word_1_193' title='bbox 1263 1979 1561 2042; x_wconf 91' lang='lat' dir='ltr'>Boiorum</span> <span class='ocrx_word' id='word_1_194' title='bbox 1592 1999 1781 2045; x_wconf 92' lang='lat' dir='ltr'>nemo</span> <span class='ocrx_word' id='word_1_195' title='bbox 1812 1987 1962 2045; x_wconf 92' lang='lat' dir='ltr'>ante</span> <span class='ocrx_word' id='word_1_196' title='bbox 1994 2001 2062 2045; x_wconf 90' lang='lat' dir='ltr'>se</span> <span class='ocrx_word' id='word_1_197' title='bbox 2094 1981 2435 2065; x_wconf 91' lang='lat' dir='ltr'>imperator</span> 
     </span>
     <span class='ocr_line' id='line_1_22' title="bbox 81 2064 2535 2152; baseline 0.002 -27"><span class='ocrx_word' id='word_1_198' title='bbox 81 2070 433 2148; x_wconf 84' lang='lat' dir='ltr'>pugnaverit.</span> <span class='ocrx_word' id='word_1_199' title='bbox 532 2067 674 2152; x_wconf 92' lang='lat' dir='ltr'>plus</span> <span class='ocrx_word' id='word_1_200' title='bbox 719 2075 964 2150; x_wconf 91' lang='lat' dir='ltr'>partem</span> <span class='ocrx_word' id='word_1_201' title='bbox 1011 2064 1340 2129; x_wconf 89' lang='lat' dir='ltr'><strong>dimidiam</strong></span> <span class='ocrx_word' id='word_1_202' title='bbox 1389 2086 1471 2129; x_wconf 82' lang='lat' dir='ltr'>ex</span> <span class='ocrx_word' id='word_1_203' title='bbox 1519 2066 1984 2151; x_wconf 90' lang='lat' dir='ltr'>quinquaginta</span> <span class='ocrx_word' id='word_1_204' title='bbox 2029 2068 2283 2133; x_wconf 91' lang='lat' dir='ltr'>milibus</span> <span class='ocrx_word' id='word_1_205' title='bbox 2328 2068 2432 2133; x_wconf 88' lang='lat' dir='ltr'>ho·</span> <span class='ocrx_word' id='word_1_206' title='bbox 2505 2085 2535 2130; x_wconf 86' lang='lat'>5</span> 
     </span>
     <span class='ocr_line' id='line_1_23' title="bbox 80 2150 2433 2239; baseline 0.004 -28"><span class='ocrx_word' id='word_1_207' title='bbox 80 2150 278 2218; x_wconf 88' lang='lat' dir='ltr'>minum</span> <span class='ocrx_word' id='word_1_208' title='bbox 324 2176 606 2233; x_wconf 80' lang='lat' dir='ltr'>caesam,</span> <span class='ocrx_word' id='word_1_209' title='bbox 654 2155 853 2218; x_wconf 92' lang='lat' dir='ltr'>multa</span> <span class='ocrx_word' id='word_1_210' title='bbox 898 2154 1075 2217; x_wconf 92' lang='lat' dir='ltr'>milia</span> <span class='ocrx_word' id='word_1_211' title='bbox 1121 2158 1343 2235; x_wconf 76' lang='lat' dir='ltr'>oapta3</span> <span class='ocrx_word' id='word_1_212' title='bbox 1393 2172 1580 2217; x_wconf 90' lang='lat' dir='ltr'>senes</span> <span class='ocrx_word' id='word_1_213' title='bbox 1626 2173 1982 2236; x_wconf 87' lang='lat' dir='ltr'>puerosque</span> <span class='ocrx_word' id='word_1_214' title='bbox 2026 2156 2177 2220; x_wconf 89' lang='lat' dir='ltr'>Bois</span> <span class='ocrx_word' id='word_1_215' title='bbox 2223 2176 2433 2239; x_wconf 89' lang='lat' dir='ltr'>super-</span> 
     </span>
     <span class='ocr_line' id='line_1_24' title="bbox 81 2240 2535 2325; baseline 0.003 -28"><span class='ocrx_word' id='word_1_216' title='bbox 81 2254 205 2302; x_wconf 82' lang='lat' dir='ltr'>esse.</span> <span class='ocrx_word' id='word_1_217' title='bbox 287 2242 508 2324; x_wconf 91' lang='lat' dir='ltr'>itaque</span> <span class='ocrx_word' id='word_1_218' title='bbox 554 2241 621 2304; x_wconf 92' lang='lat' dir='ltr'>id</span> <span class='ocrx_word' id='word_1_219' title='bbox 684 2260 1064 2323; x_wconf 92' lang='lat' dir='ltr'>quemquam</span> <span class='ocrx_word' id='word_1_220' title='bbox 1126 2240 1339 2302; x_wconf 90' lang='lat' dir='ltr'>mirari</span> <span class='ocrx_word' id='word_1_221' title='bbox 1394 2259 1602 2321; x_wconf 88' lang='lat' dir='ltr'>posse,</span> <span class='ocrx_word' id='word_1_222' title='bbox 1666 2261 1775 2304; x_wconf 90' lang='lat' dir='ltr'>cur</span> <span class='ocrx_word' id='word_1_223' title='bbox 1834 2241 2035 2306; x_wconf 84' lang='lat' dir='ltr'>victor</span> <span class='ocrx_word' id='word_1_224' title='bbox 2097 2243 2429 2325; x_wconf 78' lang='lat' dir='ltr'>exercitUS,</span> <span class='ocrx_word' id='word_1_225' title='bbox 2505 2259 2535 2304; x_wconf 84' lang='lat'>6</span> 
     </span>
     <span class='ocr_line' id='line_1_25' title="bbox 81 2326 2433 2411; baseline 0.004 -29"><span class='ocrx_word' id='word_1_226' title='bbox 81 2339 189 2387; x_wconf 82' lang='lat' dir='ltr'>cum</span> <span class='ocrx_word' id='word_1_227' title='bbox 230 2326 471 2393; x_wconf 90' lang='lat' dir='ltr'>hostem</span> <span class='ocrx_word' id='word_1_228' title='bbox 537 2328 602 2390; x_wconf 94' lang='lat' dir='ltr'>in</span> <span class='ocrx_word' id='word_1_229' title='bbox 661 2327 989 2411; x_wconf 85' lang='lat' dir='ltr'>provincia</span> <span class='ocrx_word' id='word_1_230' title='bbox 1034 2326 1353 2389; x_wconf 88' lang='lat' dir='ltr'>neminem</span> <span class='ocrx_word' id='word_1_231' title='bbox 1414 2326 1790 2408; x_wconf 90' lang='lat' dir='ltr'>reliquisset,</span> <span class='ocrx_word' id='word_1_232' title='bbox 1850 2329 2118 2391; x_wconf 88' lang='lat' dir='ltr'>Romam</span> <span class='ocrx_word' id='word_1_233' title='bbox 2187 2331 2433 2393; x_wconf 90' lang='lat' dir='ltr'>venerit</span> 
     </span>
    </p>

    <p class='ocr_par' dir='ltr' id='par_1_7' title="bbox 35 2407 2532 2843">
     <span class='ocr_line' id='line_1_26' title="bbox 35 2407 2532 2495; baseline 0.003 -25"><span class='ocrx_word' id='word_1_234' title='bbox 35 2407 139 2470; x_wconf 64' lang='lat' dir='ltr'>aad</span> <span class='ocrx_word' id='word_1_235' title='bbox 178 2413 620 2479; x_wconf 88' lang='lat' dir='ltr'>celebrandum</span> <span class='ocrx_word' id='word_1_236' title='bbox 667 2414 940 2478; x_wconf 90' lang='lat' dir='ltr'>consulis</span> <span class='ocrx_word' id='word_1_237' title='bbox 986 2410 1422 2495; x_wconf 76' lang='lat' dir='ltr'>triumphum?</span> <span class='ocrx_word' id='word_1_238' title='bbox 1485 2432 1746 2492; x_wconf 91' lang='lat' dir='ltr'>quorum</span> <span class='ocrx_word' id='word_1_239' title='bbox 1807 2414 2074 2478; x_wconf 92' lang='lat' dir='ltr'>militum</span> <span class='ocrx_word' id='word_1_240' title='bbox 2134 2415 2187 2477; x_wconf 90' lang='lat' dir='ltr'>si</span> <span class='ocrx_word' id='word_1_241' title='bbox 2249 2422 2312 2478; x_wconf 94' lang='lat' dir='ltr'>et</span> <span class='ocrx_word' id='word_1_242' title='bbox 2364 2415 2429 2479; x_wconf 93' lang='lat' dir='ltr'>in</span> <span class='ocrx_word' id='word_1_243' title='bbox 2505 2433 2532 2478; x_wconf 86' lang='lat'><strong>7</strong></span> 
     </span>
     <span class='ocr_line' id='line_1_27' title="bbox 79 2494 2430 2583; baseline 0.004 -30"><span class='ocrx_word' id='word_1_244' title='bbox 79 2494 174 2557; x_wconf 89' lang='lat' dir='ltr'>alia</span> <span class='ocrx_word' id='word_1_245' title='bbox 211 2501 538 2581; x_wconf 89' lang='lat' dir='ltr'>provincia</span> <span class='ocrx_word' id='word_1_246' title='bbox 583 2520 776 2583; x_wconf 91' lang='lat' dir='ltr'>opera</span> <span class='ocrx_word' id='word_1_247' title='bbox 819 2500 911 2563; x_wconf 93' lang='lat' dir='ltr'>uti</span> <span class='ocrx_word' id='word_1_248' title='bbox 956 2504 1214 2563; x_wconf 91' lang='lat' dir='ltr'>senatus</span> <span class='ocrx_word' id='word_1_249' title='bbox 1257 2498 1427 2578; x_wconf 89' lang='lat' dir='ltr'>velit,</span> <span class='ocrx_word' id='word_1_250' title='bbox 1462 2505 1601 2561; x_wconf 91' lang='lat' dir='ltr'>utro</span> <span class='ocrx_word' id='word_1_251' title='bbox 1647 2498 1906 2564; x_wconf 92' lang='lat' dir='ltr'>tandem</span> <span class='ocrx_word' id='word_1_252' title='bbox 1951 2498 2137 2563; x_wconf 94' lang='lat' dir='ltr'>modo</span> <span class='ocrx_word' id='word_1_253' title='bbox 2184 2520 2430 2583; x_wconf 91' lang='lat' dir='ltr'>promp-</span> 
     </span>
     <span class='ocr_line' id='line_1_28' title="bbox 79 2578 2429 2669; baseline 0.003 -26"><span class='ocrx_word' id='word_1_254' title='bbox 79 2578 228 2648; x_wconf 89' lang='lat' dir='ltr'>tiores</span> <span class='ocrx_word' id='word_1_255' title='bbox 277 2586 356 2650; x_wconf 91' lang='lat' dir='ltr'>ad</span> <span class='ocrx_word' id='word_1_256' title='bbox 412 2585 590 2651; x_wconf 91' lang='lat' dir='ltr'>aliud</span> <span class='ocrx_word' id='word_1_257' title='bbox 649 2586 989 2669; x_wconf 90' lang='lat' dir='ltr'>periculum</span> <span class='ocrx_word' id='word_1_258' title='bbox 1051 2604 1412 2664; x_wconf 88' lang='lat' dir='ltr'>novumque</span> <span class='ocrx_word' id='word_1_259' title='bbox 1473 2584 1755 2648; x_wconf 92' lang='lat' dir='ltr'>laborem</span> <span class='ocrx_word' id='word_1_260' title='bbox 1811 2586 2008 2649; x_wconf 92' lang='lat' dir='ltr'>ituros</span> <span class='ocrx_word' id='word_1_261' title='bbox 2066 2585 2310 2665; x_wconf 90' lang='lat' dir='ltr'>credat,</span> <span class='ocrx_word' id='word_1_262' title='bbox 2375 2587 2429 2650; x_wconf 91' lang='lat' dir='ltr'>si</span> 
     </span>
     <span class='ocr_line' id='line_1_29' title="bbox 79 2670 2430 2762; baseline 0.003 -32"><span class='ocrx_word' id='word_1_263' title='bbox 79 2671 349 2762; x_wconf 65' lang='lat' dir='ltr'>persoluta</span> <span class='ocrx_word' id='word_1_264' title='bbox 392 2675 490 2738; x_wconf 88' lang='lat' dir='ltr'>eis</span> <span class='ocrx_word' id='word_1_265' title='bbox 539 2674 675 2737; x_wconf 91' lang='lat' dir='ltr'>sine</span> <span class='ocrx_word' id='word_1_266' title='bbox 722 2672 1175 2736; x_wconf 87' lang='lat' dir='ltr'>detractatione</span> <span class='ocrx_word' id='word_1_267' title='bbox 1222 2670 1444 2753; x_wconf 90' lang='lat' dir='ltr'>prioris</span> <span class='ocrx_word' id='word_1_268' title='bbox 1491 2671 1755 2753; x_wconf 91' lang='lat' dir='ltr'>periculi</span> <span class='ocrx_word' id='word_1_269' title='bbox 1799 2671 2156 2753; x_wconf 90' lang='lat' dir='ltr'>laborisque</span> <span class='ocrx_word' id='word_1_270' title='bbox 2187 2692 2430 2737; x_wconf 87' lang='lat' dir='ltr'>merces</span> 
     </span>
     <span class='ocr_line' id='line_1_30' title="bbox 80 2755 2430 2843; baseline 0.005 -32"><span class='ocrx_word' id='word_1_271' title='bbox 80 2759 153 2832; x_wconf 78' lang='lat' dir='ltr'>sit,</span> <span class='ocrx_word' id='word_1_272' title='bbox 191 2776 266 2821; x_wconf 91' lang='lat' dir='ltr'>an</span> <span class='ocrx_word' id='word_1_273' title='bbox 311 2760 364 2823; x_wconf 91' lang='lat' dir='ltr'>si</span> <span class='ocrx_word' id='word_1_274' title='bbox 412 2779 598 2843; x_wconf 92' lang='lat' dir='ltr'>spem</span> <span class='ocrx_word' id='word_1_275' title='bbox 645 2779 757 2841; x_wconf 97' lang='lat' dir='ltr'>pro</span> <span class='ocrx_word' id='word_1_276' title='bbox 803 2777 872 2822; x_wconf 93' lang='lat' dir='ltr'>re</span> <span class='ocrx_word' id='word_1_277' title='bbox 918 2758 1196 2822; x_wconf 90' lang='lat' dir='ltr'>ferentes</span> <span class='ocrx_word' id='word_1_278' title='bbox 1244 2755 1586 2836; x_wconf 90' lang='lat' dir='ltr'>dimittant,</span> <span class='ocrx_word' id='word_1_279' title='bbox 1651 2757 1776 2821; x_wconf 91' lang='lat' dir='ltr'>iam</span> <span class='ocrx_word' id='word_1_280' title='bbox 1840 2758 2037 2823; x_wconf 91' lang='lat' dir='ltr'>semel</span> <span class='ocrx_word' id='word_1_281' title='bbox 2096 2759 2163 2822; x_wconf 94' lang='lat' dir='ltr'>in</span> <span class='ocrx_word' id='word_1_282' title='bbox 2226 2759 2430 2842; x_wconf 91' lang='lat' dir='ltr'>prima</span> 
     </span>
    </p>

    <p class='ocr_par' dir='ltr' id='par_1_8' title="bbox 37 2842 2532 2929">
     <span class='ocr_line' id='line_1_31' title="bbox 37 2842 2532 2929; baseline 0.004 -26"><span class='ocrx_word' id='word_1_283' title='bbox 37 2848 163 2918; x_wconf 75' lang='lat' dir='ltr'>ospe</span> <span class='ocrx_word' id='word_1_284' title='bbox 201 2842 552 2929; x_wconf 77' lang='lat' dir='ltr'>deceptos?</span> <span class='ocrx_word' id='word_1_285' title='bbox 644 2865 792 2909; x_wconf 91' lang='lat' dir='ltr'>nam</span> <span class='ocrx_word' id='word_1_286' title='bbox 838 2844 1007 2925; x_wconf 90' lang='lat' dir='ltr'>quod</span> <span class='ocrx_word' id='word_1_287' title='bbox 1051 2842 1134 2907; x_wconf 91' lang='lat' dir='ltr'>ad</span> <span class='ocrx_word' id='word_1_288' title='bbox 1182 2863 1250 2907; x_wconf 92' lang='lat' dir='ltr'>se</span> <span class='ocrx_word' id='word_1_289' title='bbox 1295 2842 1581 2923; x_wconf 89' lang='lat' dir='ltr'>attineat,</span> <span class='ocrx_word' id='word_1_290' title='bbox 1630 2844 1751 2908; x_wconf 92' lang='lat' dir='ltr'>sibi</span> <span class='ocrx_word' id='word_1_291' title='bbox 1797 2845 2034 2927; x_wconf 88' lang='lat' dir='ltr'>gloriae</span> <span class='ocrx_word' id='word_1_292' title='bbox 2079 2845 2146 2908; x_wconf 92' lang='lat' dir='ltr'>in</span> <span class='ocrx_word' id='word_1_293' title='bbox 2178 2865 2429 2909; x_wconf 89' lang='lat' dir='ltr'>omnem</span> <span class='ocrx_word' id='word_1_294' title='bbox 2502 2866 2532 2913; x_wconf 82' lang='lat' dir='ltr'>s</span> 
     </span>
    </p>
   </div>
   <div class='ocr_carea' id='block_1_3' title="bbox 80 2957 448 2978">
    <p class='ocr_par' dir='ltr' id='par_1_9' title="bbox 80 2957 448 2978">
     <span class='ocr_line' id='line_1_32' title="bbox 80 2957 448 2978; baseline 0 1300"><span class='ocrx_word' id='word_1_295' title='bbox 80 2957 448 2978; x_wconf 95' lang='lat' dir='ltr'> </span> 
     </span>
    </p>
   </div>
   <div class='ocr_carea' id='block_1_4' title="bbox 82 3017 2431 3883">
    <p class='ocr_par' dir='ltr' id='par_1_10' title="bbox 82 3017 2431 3883">
     <span class='ocr_line' id='line_1_33' title="bbox 246 3017 2430 3103; baseline -0.001 -15"><span class='ocrx_word' id='word_1_296' title='bbox 246 3037 287 3088; x_wconf 89' lang='lat'>1.</span> <span class='ocrx_word' id='word_1_297' title='bbox 312 3017 385 3103; x_wconf 58' lang='lat' dir='ltr'>{la</span> <span class='ocrx_word' id='word_1_298' title='bbox 409 3036 522 3088; x_wconf 89' lang='lat' dir='ltr'>iam</span> <span class='ocrx_word' id='word_1_299' title='bbox 556 3034 618 3087; x_wconf 91' lang='lat' dir='ltr'>B.</span> <span class='ocrx_word' id='word_1_300' title='bbox 651 3040 658 3096; x_wconf 92' lang='grc' dir='ltr'>Ι</span> <span class='ocrx_word' id='word_1_301' title='bbox 691 3033 913 3087; x_wconf 87' lang='lat' dir='ltr'>tertium</span> <span class='ocrx_word' id='word_1_302' title='bbox 951 3049 1151 3086; x_wconf 89' lang='lat' dir='ltr'>annum</span> <span class='ocrx_word' id='word_1_303' title='bbox 1189 3033 1266 3086; x_wconf 91' lang='lat' dir='ltr'>ibi</span> <span class='ocrx_word' id='word_1_304' title='bbox 1292 3035 1362 3086; x_wconf 88' lang='grc' dir='ltr'>Μ.</span> <span class='ocrx_word' id='word_1_305' title='bbox 1396 3035 1404 3101; x_wconf 91' lang='grc' dir='ltr'>Ι</span> <span class='ocrx_word' id='word_1_306' title='bbox 1435 3038 1485 3089; x_wconf 89' lang='grc'>4.</span> <span class='ocrx_word' id='word_1_307' title='bbox 1517 3035 1815 3087; x_wconf 91' lang='lat' dir='ltr'>etiamnum</span> <span class='ocrx_word' id='word_1_308' title='bbox 1841 3036 1978 3090; x_wconf 80' lang='lat' dir='ltr'>coni.</span> <span class='ocrx_word' id='word_1_309' title='bbox 2000 3036 2240 3100; x_wconf 73' lang='lat' dir='ltr'>Vossius,</span> <span class='ocrx_word' id='word_1_310' title='bbox 2266 3035 2430 3087; x_wconf 88' lang='lat' dir='ltr'>etiam</span> 
     </span>
     <span class='ocr_line' id='line_1_34' title="bbox 82 3114 2428 3194; baseline -0 -21"><span class='ocrx_word' id='word_1_311' title='bbox 82 3114 164 3167; x_wconf 71' lang='lat' dir='ltr'>t{1111</span> <span class='ocrx_word' id='word_1_312' title='bbox 191 3121 563 3177; x_wconf 74' lang='lat' dir='ltr'>Weissenborn</span> <span class='ocrx_word' id='word_1_313' title='bbox 601 3123 633 3174; x_wconf 82' lang='lat' dir='ltr'>l.</span> <span class='ocrx_word' id='word_1_314' title='bbox 662 3123 693 3174; x_wconf 85' lang='lat' dir='ltr'>l.</span> <span class='ocrx_word' id='word_1_315' title='bbox 728 3122 736 3186; x_wconf 88' lang='grc' dir='ltr'>Ι</span> <span class='ocrx_word' id='word_1_316' title='bbox 769 3124 818 3175; x_wconf 89' lang='grc'>9.</span> <span class='ocrx_word' id='word_1_317' title='bbox 855 3120 1111 3188; x_wconf 67' lang='lat' dir='ltr'>utrubiq,</span> <span class='ocrx_word' id='word_1_318' title='bbox 1157 3121 1219 3174; x_wconf 88' lang='lat' dir='ltr'>B.</span> <span class='ocrx_word' id='word_1_319' title='bbox 1253 3126 1261 3186; x_wconf 81' lang='grc' dir='ltr'>Ι</span> <span class='ocrx_word' id='word_1_320' title='bbox 1297 3125 1375 3177; x_wconf 89' lang='grc'>10.</span> <span class='ocrx_word' id='word_1_321' title='bbox 1422 3138 1475 3188; x_wconf 92' lang='lat' dir='ltr'>p.</span> <span class='ocrx_word' id='word_1_322' title='bbox 1512 3121 1760 3194; x_wconf 65' lang='lat' dir='ltr'>cornelio⁴</span> <span class='ocrx_word' id='word_1_323' title='bbox 1797 3122 1861 3174; x_wconf 90' lang='lat' dir='ltr'>B.</span> <span class='ocrx_word' id='word_1_324' title='bbox 1895 3123 1902 3189; x_wconf 88' lang='grc' dir='ltr'>Ι</span> <span class='ocrx_word' id='word_1_325' title='bbox 1939 3125 2021 3177; x_wconf 92' lang='grc'>11.</span> <span class='ocrx_word' id='word_1_326' title='bbox 2059 3120 2428 3187; x_wconf 85' lang='lat' dir='ltr'>triumphave-</span> 
     </span>
     <span class='ocr_line' id='line_1_35' title="bbox 83 3195 2428 3277; baseline 0.005 -30"><span class='ocrx_word' id='word_1_327' title='bbox 83 3195 160 3251; x_wconf 84' lang='lat' dir='ltr'>rint</span> <span class='ocrx_word' id='word_1_328' title='bbox 195 3210 321 3262; x_wconf 84' lang='lat' dir='ltr'>coni.</span> <span class='ocrx_word' id='word_1_329' title='bbox 362 3208 599 3275; x_wconf 80' lang='lat' dir='ltr'>Crevier,</span> <span class='ocrx_word' id='word_1_330' title='bbox 644 3208 739 3260; x_wconf 83' lang='lat' dir='ltr'>sed</span> <span class='ocrx_word' id='word_1_331' title='bbox 784 3209 851 3274; x_wconf 79' lang='lat' dir='ltr'>ef.</span> <span class='ocrx_word' id='word_1_332' title='bbox 891 3209 970 3261; x_wconf 87' lang='lat' dir='ltr'>M.</span> <span class='ocrx_word' id='word_1_333' title='bbox 1008 3209 1241 3263; x_wconf 80' lang='lat' dir='ltr'>Mueller</span> <span class='ocrx_word' id='word_1_334' title='bbox 1277 3211 1458 3276; x_wconf 79' lang='lat' dir='ltr'>praef.</span> <span class='ocrx_word' id='word_1_335' title='bbox 1497 3227 1550 3277; x_wconf 80' lang='lat' dir='ltr'>p.</span> <span class='ocrx_word' id='word_1_336' title='bbox 1574 3210 1632 3262; x_wconf 87' lang='lat' dir='ltr'>V.</span> <span class='ocrx_word' id='word_1_337' title='bbox 1667 3210 1675 3271; x_wconf 95' lang='grc' dir='ltr'>Ι</span> <span class='ocrx_word' id='word_1_338' title='bbox 1711 3210 1793 3263; x_wconf 92' lang='grc'>14.</span> <span class='ocrx_word' id='word_1_339' title='bbox 1840 3207 2096 3260; x_wconf 90' lang='lat' dir='ltr'>meritum</span> <span class='ocrx_word' id='word_1_340' title='bbox 2142 3208 2221 3261; x_wconf 81' lang='lat' dir='ltr'>ed.</span> <span class='ocrx_word' id='word_1_341' title='bbox 2249 3209 2428 3261; x_wconf 84' lang='lat' dir='ltr'>Basil.</span> 
     </span>
     <span class='ocr_line' id='line_1_36' title="bbox 84 3287 2431 3363; baseline 0.002 -22"><span class='ocrx_word' id='word_1_342' title='bbox 84 3287 209 3355; x_wconf 86' lang='lat'>1535,·</span> <span class='ocrx_word' id='word_1_343' title='bbox 255 3293 451 3347; x_wconf 90' lang='lat' dir='ltr'>merito</span> <span class='ocrx_word' id='word_1_344' title='bbox 499 3295 611 3349; x_wconf 84' lang='lat' dir='ltr'>eod.</span> <span class='ocrx_word' id='word_1_345' title='bbox 646 3310 749 3347; x_wconf 83' lang='lat' dir='ltr'>ree.</span> <span class='ocrx_word' id='word_1_346' title='bbox 785 3300 834 3347; x_wconf 83' lang='lat' dir='ltr'>et</span> <span class='ocrx_word' id='word_1_347' title='bbox 880 3294 958 3347; x_wconf 82' lang='lat' dir='ltr'>ed.</span> <span class='ocrx_word' id='word_1_348' title='bbox 996 3296 1298 3363; x_wconf 63' lang='lat' dir='ltr'>antiquiss„</span> <span class='ocrx_word' id='word_1_349' title='bbox 1344 3294 1554 3347; x_wconf 85' lang='lat' dir='ltr'>meritis</span> <span class='ocrx_word' id='word_1_350' title='bbox 1600 3294 1886 3362; x_wconf 79' lang='lat' dir='ltr'>(mertus‘?)</span> <span class='ocrx_word' id='word_1_351' title='bbox 1930 3293 1991 3346; x_wconf 90' lang='grc' dir='ltr'>Β.</span> <span class='ocrx_word' id='word_1_352' title='bbox 2034 3293 2042 3360; x_wconf 94' lang='grc' dir='ltr'>Ι</span> <span class='ocrx_word' id='word_1_353' title='bbox 2089 3296 2168 3347; x_wconf 86' lang='grc'>16.</span> <span class='ocrx_word' id='word_1_354' title='bbox 2217 3294 2431 3346; x_wconf 84' lang='lat' dir='ltr'>exuerit</span> 
     </span>
     <span class='ocr_line' id='line_1_37' title="bbox 84 3374 2430 3450; baseline 0.004 -26"><span class='ocrx_word' id='word_1_355' title='bbox 84 3385 156 3425; x_wconf 84' lang='lat' dir='ltr'>om.</span> <span class='ocrx_word' id='word_1_356' title='bbox 176 3374 229 3431; x_wconf 90' lang='lat' dir='ltr'>B.</span> <span class='ocrx_word' id='word_1_357' title='bbox 259 3380 268 3444; x_wconf 84' lang='lat' dir='ltr'>l</span> <span class='ocrx_word' id='word_1_358' title='bbox 298 3382 380 3436; x_wconf 86' lang='lat'>20.</span> <span class='ocrx_word' id='word_1_359' title='bbox 408 3385 549 3449; x_wconf 90' lang='lat' dir='ltr'>quot</span> <span class='ocrx_word' id='word_1_360' title='bbox 573 3395 698 3433; x_wconf 89' lang='lat' dir='ltr'>cum</span> <span class='ocrx_word' id='word_1_361' title='bbox 724 3381 858 3436; x_wconf 89' lang='lat' dir='ltr'>Lov.</span> <span class='ocrx_word' id='word_1_362' title='bbox 885 3384 934 3446; x_wconf 90' lang='lat'>3,</span> <span class='ocrx_word' id='word_1_363' title='bbox 972 3381 1270 3449; x_wconf 76' lang='lat' dir='ltr'>Rubenius,</span> <span class='ocrx_word' id='word_1_364' title='bbox 1297 3383 1365 3449; x_wconf 80' lang='lat' dir='ltr'>ef.</span> <span class='ocrx_word' id='word_1_365' title='bbox 1394 3383 1627 3450; x_wconf 61' lang='lat' dir='ltr'>Madvig]</span> <span class='ocrx_word' id='word_1_366' title='bbox 1654 3382 1777 3435; x_wconf 83' lang='lat' dir='ltr'>Em.</span> <span class='ocrx_word' id='word_1_367' title='bbox 1800 3382 1868 3434; x_wconf 90' lang='lat' dir='ltr'>L.</span> <span class='ocrx_word' id='word_1_368' title='bbox 1885 3398 1946 3449; x_wconf 78' lang='lat' dir='ltr'>p.</span> <span class='ocrx_word' id='word_1_369' title='bbox 1968 3385 2098 3447; x_wconf 78' lang='lat'>527,-</span> <span class='ocrx_word' id='word_1_370' title='bbox 2131 3380 2281 3447; x_wconf 92' lang='lat' dir='ltr'>quod</span> <span class='ocrx_word' id='word_1_371' title='bbox 2306 3395 2430 3433; x_wconf 90' lang='lat' dir='ltr'>cum</span> 
     </span>
     <span class='ocr_line' id='line_1_38' title="bbox 85 3457 2425 3536; baseline 0.001 -19"><span class='ocrx_word' id='word_1_372' title='bbox 85 3457 247 3518; x_wconf 56' lang='lat' dir='ltr'>totu-21,</span> <span class='ocrx_word' id='word_1_373' title='bbox 279 3468 394 3521; x_wconf 84' lang='lat' dir='ltr'>eod.</span> <span class='ocrx_word' id='word_1_374' title='bbox 440 3466 530 3534; x_wconf 91' lang='lat' dir='ltr'>(B)</span> <span class='ocrx_word' id='word_1_375' title='bbox 577 3474 626 3521; x_wconf 87' lang='lat' dir='ltr'>et</span> <span class='ocrx_word' id='word_1_376' title='bbox 671 3468 749 3521; x_wconf 78' lang='lat' dir='ltr'>ed.</span> <span class='ocrx_word' id='word_1_377' title='bbox 784 3474 878 3522; x_wconf 85' lang='lat' dir='ltr'>vet.</span> <span class='ocrx_word' id='word_1_378' title='bbox 924 3469 932 3532; x_wconf 94' lang='grc' dir='ltr'>Ι</span> <span class='ocrx_word' id='word_1_379' title='bbox 974 3470 1057 3521; x_wconf 87' lang='grc'>21.</span> <span class='ocrx_word' id='word_1_380' title='bbox 1102 3471 1259 3534; x_wconf 91' lang='lat' dir='ltr'>parte</span> <span class='ocrx_word' id='word_1_381' title='bbox 1307 3467 1536 3521; x_wconf 91' lang='lat' dir='ltr'>dimidia</span> <span class='ocrx_word' id='word_1_382' title='bbox 1593 3469 1726 3523; x_wconf 90' lang='lat' dir='ltr'>Lov.</span> <span class='ocrx_word' id='word_1_383' title='bbox 1762 3472 1811 3535; x_wconf 89' lang='lat'>6,</span> <span class='ocrx_word' id='word_1_384' title='bbox 1858 3470 1913 3522; x_wconf 93' lang='lat' dir='ltr'>I.</span> <span class='ocrx_word' id='word_1_385' title='bbox 1942 3469 2010 3522; x_wconf 88' lang='lat' dir='ltr'>F.</span> <span class='ocrx_word' id='word_1_386' title='bbox 2052 3467 2375 3523; x_wconf 79' lang='lat' dir='ltr'>Gronovius.</span> <span class='ocrx_word' id='word_1_387' title='bbox 2419 3468 2425 3536; x_wconf 89' lang='grc' dir='ltr'>Ι</span> 
     </span>
     <span class='ocr_line' id='line_1_39' title="bbox 86 3539 2423 3622; baseline 0.003 -20"><span class='ocrx_word' id='word_1_388' title='bbox 86 3539 144 3596; x_wconf 80' lang='lat'>22·</span> <span class='ocrx_word' id='word_1_389' title='bbox 172 3561 375 3604; x_wconf 81' lang='lat' dir='ltr'>caesum</span> <span class='ocrx_word' id='word_1_390' title='bbox 415 3555 462 3608; x_wconf 94' lang='lat' dir='ltr'>I.</span> <span class='ocrx_word' id='word_1_391' title='bbox 490 3554 560 3607; x_wconf 87' lang='lat' dir='ltr'>F.</span> <span class='ocrx_word' id='word_1_392' title='bbox 591 3553 915 3619; x_wconf 80' lang='lat' dir='ltr'>Gronovius,</span> <span class='ocrx_word' id='word_1_393' title='bbox 953 3553 1101 3606; x_wconf 86' lang='lat' dir='ltr'>eaesi</span> <span class='ocrx_word' id='word_1_394' title='bbox 1134 3554 1269 3608; x_wconf 88' lang='lat' dir='ltr'>Lov.</span> <span class='ocrx_word' id='word_1_395' title='bbox 1297 3559 1343 3607; x_wconf 89' lang='lat'>6.</span> <span class='ocrx_word' id='word_1_396' title='bbox 1379 3558 1386 3618; x_wconf 92' lang='grc' dir='ltr'>Ι</span> <span class='ocrx_word' id='word_1_397' title='bbox 1419 3557 1503 3608; x_wconf 82' lang='grc'>27.</span> <span class='ocrx_word' id='word_1_398' title='bbox 1543 3554 1771 3607; x_wconf 88' lang='lat' dir='ltr'>credant</span> <span class='ocrx_word' id='word_1_399' title='bbox 1795 3555 1930 3608; x_wconf 88' lang='lat' dir='ltr'>Lov.</span> <span class='ocrx_word' id='word_1_400' title='bbox 1956 3559 2006 3621; x_wconf 88' lang='lat'>6,</span> <span class='ocrx_word' id='word_1_401' title='bbox 2033 3555 2131 3608; x_wconf 83' lang='lat' dir='ltr'>del.</span> <span class='ocrx_word' id='word_1_402' title='bbox 2168 3555 2390 3609; x_wconf 81' lang='lat' dir='ltr'>Crevier.</span> <span class='ocrx_word' id='word_1_403' title='bbox 2417 3554 2423 3622; x_wconf 88' lang='grc'><strong>1</strong></span> 
     </span>
     <span class='ocr_line' id='line_1_40' title="bbox 89 3625 2428 3707; baseline 0.002 -20"><span class='ocrx_word' id='word_1_404' title='bbox 89 3625 146 3679; x_wconf 76' lang='lat'>29·</span> <span class='ocrx_word' id='word_1_405' title='bbox 173 3647 257 3697; x_wconf 86' lang='lat' dir='ltr'>pro</span> <span class='ocrx_word' id='word_1_406' title='bbox 290 3653 350 3691; x_wconf 88' lang='lat' dir='ltr'>re</span> <span class='ocrx_word' id='word_1_407' title='bbox 396 3638 639 3692; x_wconf 89' lang='lat' dir='ltr'>ferentes</span> <span class='ocrx_word' id='word_1_408' title='bbox 683 3639 736 3691; x_wconf 91' lang='lat' dir='ltr'>M</span> <span class='ocrx_word' id='word_1_409' title='bbox 758 3638 832 3691; x_wconf 77' lang='lat' dir='ltr'>S?</span> <span class='ocrx_word' id='word_1_410' title='bbox 878 3639 1302 3707; x_wconf 70' lang='lat' dir='ltr'>(„eoeemplaria“</span> <span class='ocrx_word' id='word_1_411' title='bbox 1348 3641 1610 3706; x_wconf 81' lang='lat' dir='ltr'>Gelenii);</span> <span class='ocrx_word' id='word_1_412' title='bbox 1651 3639 2027 3707; x_wconf 84' lang='lat' dir='ltr'>praeferentes</span> <span class='ocrx_word' id='word_1_413' title='bbox 2072 3642 2207 3696; x_wconf 76' lang='lat' dir='ltr'>Lov.</span> <span class='ocrx_word' id='word_1_414' title='bbox 2232 3645 2283 3706; x_wconf 78' lang='lat'>2,</span> <span class='ocrx_word' id='word_1_415' title='bbox 2328 3655 2428 3707; x_wconf 90' lang='lat' dir='ltr'>pro</span> 
     </span>
     <span class='ocr_line' id='line_1_41' title="bbox 90 3714 2428 3795; baseline 0.004 -27"><span class='ocrx_word' id='word_1_416' title='bbox 90 3714 431 3777; x_wconf 76' lang='lat' dir='ltr'>referentibus</span> <span class='ocrx_word' id='word_1_417' title='bbox 469 3724 530 3791; x_wconf 92' lang='lat' dir='ltr'>B,</span> <span class='ocrx_word' id='word_1_418' title='bbox 569 3726 684 3779; x_wconf 85' lang='lat' dir='ltr'>eod.</span> <span class='ocrx_word' id='word_1_419' title='bbox 710 3742 811 3780; x_wconf 86' lang='lat' dir='ltr'>ree.</span> <span class='ocrx_word' id='word_1_420' title='bbox 838 3732 886 3779; x_wconf 83' lang='lat' dir='ltr'>et</span> <span class='ocrx_word' id='word_1_421' title='bbox 922 3727 1000 3779; x_wconf 83' lang='lat' dir='ltr'>ed.</span> <span class='ocrx_word' id='word_1_422' title='bbox 1038 3727 1343 3795; x_wconf 68' lang='lat' dir='ltr'>antiquiss„</span> <span class='ocrx_word' id='word_1_423' title='bbox 1382 3728 1449 3794; x_wconf 81' lang='lat' dir='ltr'>ef.</span> <span class='ocrx_word' id='word_1_424' title='bbox 1480 3729 1680 3794; x_wconf 83' lang='lat' dir='ltr'>ephem.</span> <span class='ocrx_word' id='word_1_425' title='bbox 1705 3728 1893 3781; x_wconf 82' lang='lat' dir='ltr'>Austr.</span> <span class='ocrx_word' id='word_1_426' title='bbox 1922 3731 2074 3780; x_wconf 79' lang='lat'>1892.</span> <span class='ocrx_word' id='word_1_427' title='bbox 2109 3729 2117 3790; x_wconf 93' lang='grc' dir='ltr'>Ι</span> <span class='ocrx_word' id='word_1_428' title='bbox 2149 3726 2428 3778; x_wconf 88' lang='lat' dir='ltr'>dimittant</span> 
     </span>
     <span class='ocr_line' id='line_1_42' title="bbox 94 3802 2196 3883; baseline 0.007 -31"><span class='ocrx_word' id='word_1_429' title='bbox 94 3802 170 3855; x_wconf 79' lang='lat' dir='ltr'>cod.</span> <span class='ocrx_word' id='word_1_430' title='bbox 191 3814 232 3860; x_wconf 87' lang='lat' dir='ltr'>et</span> <span class='ocrx_word' id='word_1_431' title='bbox 260 3811 364 3877; x_wconf 79' lang='lat' dir='ltr'>ed.;</span> <span class='ocrx_word' id='word_1_432' title='bbox 402 3825 469 3864; x_wconf 94' lang='lat' dir='ltr'>eo</span> <span class='ocrx_word' id='word_1_433' title='bbox 505 3811 741 3865; x_wconf 87' lang='lat' dir='ltr'>mittant.</span> <span class='ocrx_word' id='word_1_434' title='bbox 782 3813 920 3868; x_wconf 83' lang='lat' dir='ltr'>coni.</span> <span class='ocrx_word' id='word_1_435' title='bbox 951 3814 1329 3868; x_wconf 85' lang='lat' dir='ltr'>Weissenborn</span> <span class='ocrx_word' id='word_1_436' title='bbox 1365 3815 1444 3867; x_wconf 80' lang='lat' dir='ltr'>ed.</span> <span class='ocrx_word' id='word_1_437' title='bbox 1477 3816 1675 3868; x_wconf 85' lang='lat' dir='ltr'>Teubn.</span> <span class='ocrx_word' id='word_1_438' title='bbox 1695 3817 1877 3882; x_wconf 79' lang='lat' dir='ltr'>praef.</span> <span class='ocrx_word' id='word_1_439' title='bbox 1897 3833 1954 3883; x_wconf 78' lang='lat' dir='ltr'>p.</span> <span class='ocrx_word' id='word_1_440' title='bbox 1982 3815 2154 3867; x_wconf 90' lang='lat' dir='ltr'>XIX.</span> <span class='ocrx_word' id='word_1_441' title='bbox 2190 3816 2196 3877; x_wconf 89' lang='grc' dir='ltr'>Ι</span> 
     </span>
    </p>
   </div>
  </div>
 </body>
</html>
