2925 4278
587 167 813 220 LIBER
850 167 1178 222 XXXVIII.
1216 166 1382 221 CAP.
1408 171 1493 222 44.
1519 171 1602 223 45.
1644 168 1711 235 [a.
1739 167 1801 222 U.
1829 183 1874 220 c.
1902 168 2041 235 567].
2384 152 2505 215 169

117 344 238 408 bus
279 342 674 407 insimularet
719 348 783 406 et
812 348 1061 426 tempus
1108 363 1251 407 eum
1298 341 1602 408 morando
1650 349 2075 407 extracturum
2122 342 2377 424 diceret,
2424 365 2507 409 ne

118 429 377 494 consule
421 429 677 493 inimico
721 430 989 493 Romam
1035 430 1297 509 veniret,
1348 430 1692 493 certamine
1738 430 2061 494 consulum
2093 428 2356 494 biduum
2400 431 2507 495 ab·

118 523 438 599 sumptum
480 522 604 600 est;
651 535 771 579 nec
809 522 1142 599 praesente
1173 516 1486 580 Flaminio
1517 515 1773 581 decerni
1806 517 2143 598 quicquam
2173 512 2509 581 videbatur

117 621 324 687 posse.
417 607 669 686 captata
723 603 969 667 occasio
1023 608 1138 683 est,
1187 622 1328 666 cum
1381 622 1575 685 aeger
1618 602 1778 667 forte
1823 603 2173 668 Flaminius
2224 605 2504 688 abesset;

54 710 81 755 5
118 696 184 754 et
240 689 554 753 referente
612 689 883 754 Aemilio
940 696 1195 754 senatus
1251 690 1604 754 consultum
1656 689 1896 754 factum
1952 695 2066 770 est,
2123 697 2194 754 ut
2247 690 2507 755 Ambra-

118 775 436 841 ciensibus
481 794 634 839 suae
677 795 779 840 res
833 796 1052 841 omnes
1104 775 1545 860 redderentur3
1600 776 1667 840 in
1715 777 2005 842 libertate
2051 783 2263 842 essent
2307 797 2384 840 ac
2428 777 2507 840 16-

116 863 303 947 gibus
349 862 479 926 suis
524 868 872 946 uterentur3
920 863 1214 946 portoria,
1263 882 1427 944 quae
1473 863 1726 944 vellent,
1784 870 1950 928 terra
1996 864 2282 945 marique
2328 884 2509 947 cape-

115 955 275 1029 rent,
323 947 475 1012 dum
506 967 720 1013 eorum
750 949 1063 1015 immunes
1092 950 1362 1014 Romani
1393 970 1471 1013 ac
1500 950 1654 1014 socii
1686 950 1958 1014 nominis
2001 951 2213 1014 Latini
2260 957 2499 1029 essent;

118 1037 303 1119 signa
368 1035 620 1116 aliaque
687 1042 1084 1115 ornamenta,
1147 1056 1310 1117 quae
1371 1042 1779 1117 quererentur
1839 1057 1921 1100 ex
1981 1035 2249 1101 aedibus
2309 1037 2507 1102 sacris

31 1142 83 1189 10
119 1123 368 1187 sublata
414 1141 572 1202 esse,
622 1121 702 1185 de
744 1122 842 1201 iis,
892 1143 1032 1187 cum
1078 1123 1159 1187 M.
1205 1123 1469 1187 Fulvius
1514 1125 1779 1187 Romam
1825 1124 2205 1202 revertisset,
2254 1124 2504 1206 placere

23 1238 24 1241 ¹
118 1208 202 1273 ad
249 1208 578 1292 collegium
623 1175 989 1291 pontificum
1034 1209 1273 1290 referri,
1322 1217 1385 1274 et
1425 1209 1591 1290 quod
1638 1210 1680 1273 ii
1723 1210 2134 1289 censuissent,
2181 1209 2333 1274 fieri.
2402 1230 2505 1274 ne-

121 1315 243 1378 que
274 1295 371 1359 his
404 1301 736 1360 contentus
776 1297 992 1361 consul
1032 1296 1168 1377 fuit,
1203 1295 1316 1360 sed
1356 1302 1579 1379 postea
1610 1316 1724 1380 per
1755 1296 2243 1378 infrequentiam
2275 1296 2510 1360 adiecit

121 1388 378 1447 senatus
424 1382 797 1461 consultum,
842 1383 1248 1447 Ambraciam
1293 1383 1358 1446 vi
1405 1390 1657 1466 captam
1705 1403 1844 1446 esse
1890 1404 2016 1447 non
2061 1383 2282 1447 videri.

328 1468 717 1553 Supplicatio
770 1434 922 1533 inde
976 1489 1058 1534 ex
1112 1468 1611 1534 decemvirorum
1667 1467 1919 1534 decreto
1974 1490 2087 1552 pro
2141 1468 2507 1535 valetudine

36 1575 84 1620 15
121 1555 333 1639 populi
365 1575 478 1639 per
510 1554 782 1619 triduum
815 1556 953 1635 fuit,
1003 1557 1149 1637 quia
1179 1556 1393 1639 gravis
1435 1556 1796 1639 pestilentia
1833 1557 2053 1619 urbem
2093 1562 2282 1637 atque
2322 1577 2510 1640 agros

120 1643 432 1708 vastabat.
509 1642 774 1706 Latinae
818 1641 969 1706 inde
1013 1643 1283 1707 fuerunt.
1363 1643 1592 1724 quibus
1630 1642 2041 1725 religionibus
2078 1642 2328 1707 liberati
2368 1664 2509 1707 con·

122 1728 288 1793 sules
333 1734 397 1792 et
441 1727 674 1792 dilectu
720 1728 1002 1811 perfecto
1031 1767 1118 1775 —
1146 1729 1329 1793 novis
1375 1729 1545 1793 enim
1591 1734 1856 1809 uterque
1901 1729 2123 1793 maluit
2167 1730 2259 1794 uti
2304 1730 2508 1794 militi-

122 1817 239 1880 bus
275 1853 374 1895 ——,
407 1815 472 1878 in
505 1815 896 1898 provinciam
927 1814 1193 1899 profecti
1232 1823 1398 1897 sunt,
1440 1821 1815 1897 veteresque
1857 1835 2078 1881 omnes
2116 1815 2507 1881 dimiserunt.

21 1956 22 1981 2
327 1904 476 1966 Post
520 1901 846 1967 consulum
894 1903 1347 1986 profectionem
1395 1903 1511 1968 On.
1546 1902 1817 1967 Manlius
1862 1904 2195 1986 proconsul
2241 1905 2509 1968 Romam

33 2005 91 2054 20
130 1988 327 2072 venit3
376 1989 477 2053 cui
523 2008 665 2053 cum
709 1989 790 2053 ab
839 1990 971 2055 Ser.
1020 1989 1297 2074 Sulpicio
1343 1999 1633 2073 praetore
1679 1996 1935 2054 senatus
1981 1988 2062 2052 ad
2108 1988 2332 2054 aedem
2378 1991 2514 2054 Bel-

123 2076 304 2141 lonae
350 2074 536 2139 datus
583 2083 769 2158 esset,
826 2082 889 2141 et
933 2077 1070 2160 ipse
1126 2077 1628 2142 commemoratis
1680 2077 1871 2142 rebus
1923 2078 2005 2142 ab
2055 2096 2123 2142 se
2168 2077 2364 2161 gestis
2409 2097 2512 2160 po-

122 2163 438 2244 stulasset,
494 2169 562 2227 ut
616 2165 695 2227 ob
751 2184 861 2228 eas
917 2164 1038 2228 diis
1096 2164 1550 2228 immortalibus
1612 2163 1814 2228 honos
1873 2163 2211 2228 haberetur
2266 2163 2512 2245 sibique

122 2249 534 2332 triumphanti
580 2251 802 2315 urbem
848 2249 1064 2315 invehi
1108 2251 1345 2330 liceret,
1405 2250 1925 2315 contradixerunt
1969 2269 2117 2333 pars
2164 2251 2362 2314 maior
2407 2249 2507 2314 de-

123 2357 259 2401 cem
307 2336 675 2419 legatorum,
723 2337 831 2418 qui
877 2358 1017 2401 cum
1066 2357 1139 2401 eo
1171 2337 1441 2418 fuerant,
1489 2342 1553 2400 et
1592 2344 1741 2400 ante
1786 2337 1943 2401 alios
1987 2337 2058 2400 L.
2093 2336 2321 2400 Furius
2366 2338 2512 2400 Pur-

32 2442 87 2488 25
121 2423 303 2508 purio
365 2429 427 2487 et
484 2425 553 2487 L.
610 2423 918 2488 Aemilius
977 2423 1228 2488 Paulus.
1319 2423 1515 2487 XLV.
1570 2424 1845 2506 Legatos
1907 2443 2045 2488 sese
2109 2423 2222 2487 On.
2279 2423 2513 2488 Manlio

121 2510 306 2576 datos
365 2509 543 2593 pacis
603 2530 745 2574 cum
799 2510 1111 2575 Antiocho
1172 2509 1507 2574 faciendae
1569 2530 1760 2574 causa
1818 2509 2218 2592 foederisque
2276 2511 2511 2592 legum,

122 2617 288 2679 quae
346 2617 488 2661 cum
540 2598 611 2661 L.
669 2597 966 2680 Scipione
1019 2595 1353 2662 inchoatae
1407 2597 1693 2676 fuissent,
1754 2596 2300 2681 perficiendarum.
2396 2597 2507 2661 On.

119 2683 425 2748 Manlium
472 2703 718 2747 summa
762 2704 881 2768 ope
927 2682 1290 2764 tetendisse,
1348 2689 1419 2748 ut
1465 2704 1606 2749 eam
1654 2703 1876 2767 pacem
1935 2685 2235 2764 turbaret,
2284 2690 2347 2748 et
2391 2687 2515 2748 An-

119 2770 423 2850 tiochum,
480 2770 532 2834 si
578 2770 675 2834 sui
719 2777 1096 2854 potestatem
1141 2771 1414 2851 fecisset,
1471 2768 1718 2835 insidiis
1772 2770 2122 2854 exciperet3
2180 2770 2294 2834 sed
2340 2770 2514 2834 illum

30 2875 86 2921 30
122 2856 382 2941 cognita
424 2855 648 2921 fraude
697 2857 987 2938 consulis,
1037 2878 1176 2921 cum
1224 2877 1415 2941 saepe
1454 2856 1782 2938 colloquiis
1827 2857 2040 2940 petitis
2088 2863 2377 2940 captatus
2423 2877 2516 2921 es-

120 2951 239 3024 set,
296 2963 423 3007 non
479 2962 886 3026 congressum
945 2943 1131 3008 modo
1186 2943 1299 3008 sed
1354 2950 1761 3028 conspectum
1823 2944 2013 3007 etiam
2069 2944 2204 3008 eius
2258 2943 2510 3007 vitasse.

121 3030 485 3113 cupientem
539 3030 809 3095 transire
862 3031 1140 3094 Taurum
1199 3051 1389 3113 aegre
1452 3031 1730 3094 omnium
1790 3030 2138 3113 legatorum
2200 3029 2513 3112 precibuS,

119 3137 203 3181 ne
254 3116 637 3181 carminibus
683 3116 968 3199 Sibyllae
1011 3115 1401 3201 praedictam
1449 3117 1895 3200 superantibus
1942 3115 2242 3181 terminos
2287 3115 2517 3179 fatales

120 3202 376 3268 cladem
437 3203 708 3286 experiri
769 3203 985 3284 vellet,
1047 3209 1359 3267 retentum
1419 3202 1711 3269 admosse
1771 3210 1984 3268 tamen
2047 3202 2391 3267 exercitum
2455 3208 2518 3266 et

28 3306 83 3353 35
118 3310 323 3374 prope
374 3311 445 3351 ἰη
491 3310 645 3373 1psls
690 3310 856 3372 rugls
900 3289 983 3353 ad
1029 3288 1300 3354 divortia
1352 3310 1661 3371 aquarum
1717 3296 1926 3353 castra
1978 3290 2280 3372 posuisse.
2374 3309 2516 3352 cum
2556 3287 2559 3290 ’

338 3484 387 3536 2.
433 3481 648 3534 veniret
683 3481 754 3547 M,
800 3481 1008 3543 Aldus5
1063 3478 1268 3532 rediret
1309 3482 1400 3534 rel.
1436 3481 1551 3536 cod.
1589 3480 1674 3546 (B)
1721 3487 1768 3534 et
1812 3480 1891 3533 ed.
1919 3480 2094 3548 prior.
2129 3483 2136 3546 Ι
2178 3481 2519 3546 assumptum

118 3569 183 3621 B.
221 3571 230 3634 Ι
263 3572 312 3623 7.
351 3568 595 3636 portoria
629 3582 773 3633 quae
809 3568 890 3621 ed.
918 3568 1099 3621 Paris,
1128 3570 1295 3630 1513,·
1338 3567 1581 3633 portoria
1618 3582 1686 3620 ea
1721 3581 1865 3633 quae
1901 3553 2168 3635 Moyunt„
2206 3565 2412 3633 portari
2451 3580 2519 3618 ea

119 3671 272 3725 quae
311 3655 426 3711 cod.
453 3654 540 3721 (B)
576 3661 625 3707 et
659 3655 740 3707 ed.
757 3656 935 3722 prior.
969 3656 976 3720 Ι
1013 3655 1091 3709 10.
1129 3653 1198 3706 de
1236 3651 1403 3705 hisB
1357 3652 1462 3718 Β.Ι
1498 3655 1577 3707 14.
1617 3652 1922 3706 ualitudine
1959 3652 2021 3705 B.
2055 3655 2062 3718 Ι
2093 3655 2176 3707 21.
2215 3651 2285 3705 cu
2320 3667 2520 3705 memo·

119 3742 263 3796 ratis
301 3742 363 3795 B.
397 3743 405 3808 Ι
438 3744 520 3797 25.
560 3755 683 3794 sese
719 3742 862 3806 cod.,·
901 3755 1025 3794 esse
1061 3742 1282 3796 Beklcer.
1318 3742 1327 3805 Ι
1358 3742 1440 3794 33.
1480 3739 1681 3808 sybille
1706 3740 1766 3793 B.
1801 3744 1808 3805 1
1839 3739 2026 3792 f1tahs
2050 3738 2113 3791 B.
2146 3741 2155 3805 Ι
2187 3741 2269 3792 35.
2295 3738 2351 3790 in
2385 3737 2521 3805 ipsis

129 3831 517 3886 Weissenborn
561 3830 641 3883 ed.
679 3830 877 3883 Teubn.
906 3847 970 3898 p.
995 3828 1250 3896 XXIII,·
1294 3825 1430 3896 ipsis
1470 3828 1584 3881 cod.
1618 3827 1704 3893 (B)
1739 3834 1788 3881 et
1823 3828 1906 3880 ed.
1929 3833 2025 3881 vet.
2060 3828 2067 3891 Ι

2556 2092 2618 2136 10

2551 2266 2611 2310 11
