2925 4278
650 155 876 208 LIBER
913 154 1256 209 XXXVIII:
1282 155 1447 209 cAP.
1479 159 1558 210 17.
1590 159 1670 210 18.
1711 154 1776 222 [a.
1806 154 1870 207 U.
1897 169 1941 207 ο.
1970 155 2113 222 565].
2453 136 2576 200 139

179 328 317 393 rida
362 327 700 412 disciplina
745 329 1020 393 mansit?
1065 329 1437 413 generosius
1482 329 1547 392 in
1595 347 1711 393 sua
1743 327 2021 410 quidque
2066 328 2219 394 sede
2257 329 2575 413 gignitur:
2618 337 2681 385 13

178 415 439 480 insitum
483 416 730 480 alienae
776 421 981 480 terrae
1024 416 1091 479 in
1137 414 1223 496 id,
1272 435 1394 496 quo
1439 415 1647 496 alitur,
1709 422 1938 478 natura
1982 422 2268 479 vertente
2323 435 2411 496 se,
2474 414 2578 480 de-

177 508 463 586 generat.
556 501 849 586 Phrygas
893 502 1087 584 igitur
1142 502 1401 567 Gallicis
1462 507 1755 566 oneratos
1814 501 2025 582 armis,
2089 502 2250 566 sicut
2310 503 2376 566 in
2437 503 2578 567 acie

175 588 480 653 Antiochi
528 587 864 669 cecidistis,
927 590 1128 653 victos
1191 589 1482 668 victores,
1530 588 1827 653 caedetis.
1920 588 2126 671 magis
2187 609 2427 669 vereor,
2493 609 2574 653 ne
2616 596 2684 642 14

105 689 137 735 5
177 696 407 759 pamm
452 675 604 740 inde
650 675 906 758 gloriae,
957 695 1145 757 quam
1191 694 1274 739 ne
1318 675 1586 739 nimium
1632 674 1782 739 belli
1829 674 1928 739 sit.
1997 674 2246 740 Attalus
2311 695 2418 740 eos
2462 694 2576 739 rex

177 782 374 846 saepe
420 761 587 826 fudit
631 762 1022 845 fugavitque.
1114 762 1310 826 nolite
1357 761 1722 826 existimare
1781 761 2003 826 beluas
2062 767 2310 825 tantum
2354 781 2577 826 recens
2619 770 2681 817 15

178 856 405 932 captas
450 848 768 913 feritatem
813 848 986 912 illam
1040 846 1396 913 silvestrem
1439 849 1645 931 primo
1707 868 1979 928 servare,
2037 848 2206 929 dein,
2263 868 2407 912 cum
2467 848 2575 911 diu

176 936 480 1000 manibus
524 934 820 1000 humanis
878 936 1151 1014 aluntur,
1213 935 1565 1014 mitescere,
1627 934 1694 997 in
1738 934 2068 999 hominum
2121 935 2371 1000 feritate
2424 934 2578 998 mul-

177 1021 387 1086 cenda
447 1043 576 1087 non
639 1021 911 1086 candem
978 1027 1270 1085 naturam
1332 1039 1511 1085 esse:
1580 1059 1667 1067 —
1737 1020 2076 1086 eosdemne
2136 1020 2252 1086 hos
2321 1021 2576 1086 creditis
2618 1028 2680 1076 16

79 1124 137 1169 lo
178 1127 344 1188 esse,
395 1109 504 1190 qui
548 1113 764 1192 patres
811 1128 1026 1173 eorum
1072 1107 1305 1189 avique
1337 1106 1642 1171 fuerunt?
1720 1114 2004 1172 extorres
2035 1107 2250 1191 inopia
2280 1129 2575 1191 agrorum

175 1193 448 1278 profecti
496 1194 681 1259 domo
727 1215 840 1278 per
884 1194 1294 1277 asperrimam
1343 1193 1581 1275 Illyrici
1643 1213 1835 1273 oram,
1898 1194 2241 1257 Paeoniam
2302 1193 2453 1259 inde
2513 1199 2577 1258 et

172 1280 559 1346 Thraeciam
605 1280 952 1366 pugnando
1000 1300 1142 1343 cum
1188 1279 1598 1344 ferocissimis
1641 1279 1941 1363 gentibus
1988 1281 2248 1360 emensi,
2297 1280 2413 1344 has
2458 1286 2575 1344 ter-

172 1388 280 1432 ras
328 1375 651 1452 ceperunt.
746 1367 1003 1432 duratos
1050 1386 1159 1430 eos
1190 1372 1281 1429 tot
1313 1365 1497 1429 malis
1530 1372 2066 1449 exasperatosque
2106 1367 2356 1451 accepit
2386 1373 2572 1446 terra,
2618 1374 2679 1421 17

176 1474 344 1536 quae
392 1454 575 1538 copia
622 1454 899 1519 omnium
946 1473 1154 1517 rerum
1204 1452 1545 1535 saginaret.
1638 1454 1954 1517 uberrimo
2013 1472 2187 1535 agro,
2244 1452 2574 1518 mitissimo

78 1555 137 1601 15
176 1542 378 1622 caelo,
427 1541 852 1605 clementibus
896 1540 1248 1604 accolarum
1296 1539 1576 1620 ingeniis
1606 1540 1811 1603 omnis
1856 1539 1980 1618 illa,
2030 1559 2172 1602 cum
2221 1559 2347 1620 qua
2393 1559 2578 1603 vene-

176 1634 343 1706 rant,
414 1626 851 1692 mansuefacta
916 1633 1012 1691 est
1077 1625 1314 1690 feritas.
1407 1625 1592 1690 vobis
1651 1625 2031 1706 mehercule,
2098 1626 2343 1691 Martiis
2404 1625 2575 1707 viriS,
2620 1632 2682 1681 18

180 1713 474 1779 cavenda
516 1734 594 1777 ac
637 1712 943 1797 fugienda
988 1732 1179 1794 quam
1225 1712 1499 1796 primum
1538 1712 1891 1777 amoenitas
1937 1718 2031 1777 est
2062 1713 2283 1777 Asiae:
2331 1719 2577 1777 tantum

177 1800 307 1865 hae
351 1801 729 1884 peregrinae
776 1801 1135 1882 voluptates
1179 1798 1264 1862 ad
1312 1798 1817 1882 extinguendum
1875 1799 2161 1882 vigorem
2221 1800 2577 1865 animorum

179 1894 485 1971 possunt:
531 1895 776 1950 tantum
825 1885 1121 1968 contagio
1168 1884 1545 1968 disciplinae
1590 1886 1907 1967 morisque
1964 1886 2323 1950 accolarum
2382 1886 2571 1950 valet.

79 1987 143 2034 so
184 1973 309 2039 hoc
354 1980 569 2038 tamen
616 1972 884 2036 feliciter
930 1972 1165 2052 evenit,
1214 1972 1383 2053 quod
1430 1972 1594 2036 sicut
1638 1973 1770 2035 vim
1814 1972 2122 2037 adversus
2182 1992 2297 2037 vos
2342 1990 2575 2053 nequa-
2616 1979 2678 2026 19

179 2080 394 2142 quam,
463 2061 552 2123 ita
610 2058 848 2122 famam
908 2058 1081 2143 apud
1144 2058 1420 2123 Graecos
1480 2078 1698 2143 parem
1753 2058 1843 2122 illi
1902 2059 2204 2141 antiquae
2266 2059 2573 2139 obtinent,

179 2166 327 2210 cum
376 2166 499 2228 qua
543 2152 888 2230 venerunt3
945 2146 1223 2226 bellique
1283 2146 1550 2227 gloriam
1612 2146 1881 2211 victores
1942 2146 2211 2209 eandem
2272 2147 2436 2210 inter
2480 2165 2572 2210 so-
2610 2153 2677 2200 20

179 2233 314 2298 cios
366 2232 701 2312 habebitis,
759 2252 951 2314 quam
1006 2232 1060 2296 si
1116 2237 1446 2295 servantes
1502 2232 1779 2296 anticum
1843 2232 2165 2315 specimen
2219 2231 2571 2296 animorum

176 2319 395 2385 Gallos
438 2318 808 2383 vicissetis.“

76 2420 136 2468 25
388 2405 625 2469 XVIII.
676 2405 987 2470 Contione
1031 2403 1295 2468 dimissa
1325 2404 1663 2484 missisque
1693 2401 1776 2466 ad
1806 2402 2283 2487 Eposognatum
2323 2403 2570 2487 legatis,
2650 2418 2674 2463 1

177 2491 291 2574 qui
337 2510 501 2556 unus
548 2511 629 2555 ex
674 2492 911 2574 regulis
958 2496 1021 2554 et
1065 2490 1132 2554 in
1177 2490 1483 2553 Eumenis
1543 2496 1864 2554 manserat
1923 2490 2201 2554 amicitia
2262 2497 2325 2554 et
2383 2510 2571 2573 nega-

175 2584 364 2643 verat
409 2576 721 2642 Antiocho
766 2578 1074 2642 adversus
1119 2578 1441 2642 Romanos
1487 2575 1747 2656 auxilia,
1794 2582 2002 2640 castra
2061 2577 2275 2641 movit.
2368 2577 2571 2661 primo

172 2664 286 2728 die
331 2662 414 2726 ad
458 2663 807 2727 Alandrum
852 2663 1110 2744 fiumen,
1143 2669 1394 2747 postero
1424 2661 1509 2725 ad
1541 2662 1772 2743 vicum,
1805 2682 1994 2743 quem
2034 2668 2266 2728 vocant
2294 2665 2570 2747 Tyscon,

391 2855 435 2907 1.
472 2851 795 2918 generosius
832 2854 944 2907 eod.
973 2853 1060 2921 (B)
1084 2859 1134 2906 et
1169 2854 1246 2907 ed.
1274 2859 1371 2907 vet.
1381 2874 1400 2920 ;
1433 2851 1760 2920 generosius
1797 2856 1883 2904 est
1916 2854 2246 2923 Wesenbery,
2286 2858 2373 2906 est
2406 2869 2570 2921 gene-

167 2939 356 2994 rosius
380 2940 462 2993 M.
488 2940 737 3006 Mueller,
763 2941 833 3006 ef.
860 2940 937 2992 H.
963 2941 1011 2992 I.
1038 2940 1272 2994 Mueller
1306 2957 1435 2993 aun.
1464 2940 1647 2994 Berol.
1672 2943 1808 2992 1891
1838 2956 1897 3007 p.
1925 2944 2038 2995 170.
2076 2943 2084 3006 Ι
2114 2939 2172 2991 in
2208 2955 2311 2993 sua
2342 2958 2444 2995 om.
2470 2940 2532 2992 B.
2559 2937 2564 3008 Ι

167 3025 417 3095 quidque
463 3026 599 3081 Lov.
621 3029 675 3092 2,
711 3026 1067 3088 Florebezlus‚
1108 3026 1388 3094 Simmiae,
1434 3027 1482 3080 I.
1511 3026 1579 3079 F.
1613 3027 1939 3093 GronoviuS,
1983 3029 2051 3094 ef.
2079 3027 2311 3096 Madvig]
2347 3027 2471 3080 Em.
2500 3027 2568 3079 L.

160 3133 225 3183 p.
256 3117 387 3179 543,-
433 3111 704 3179 quidquid
746 3110 970 3179 (quich
1015 3111 1081 3178 B)
1125 3113 1219 3165 rel.
1255 3113 1388 3179 eod„
1423 3114 1754 3182 Wesenberg,
1800 3113 1880 3166 M.
1919 3113 2165 3166 Mueller.
2199 3114 2206 3177 Ι
2238 3115 2284 3166 2.
2332 3126 2444 3178 quo
2489 3112 2568 3165 ed.

168 3202 360 3256 Paris.
386 3202 555 3264 1513‚·
589 3197 737 3265 quod
764 3197 860 3265 (qd
883 3197 950 3263 B)
975 3199 1088 3252 cod.
1116 3204 1167 3252 et
1201 3199 1279 3252 ed.
1305 3201 1479 3266 prior.
1513 3201 1520 3263 Ι
1551 3199 1685 3252 nata
1720 3201 2002 3251 uertentes
2026 3197 2252 3265 phrigas
2276 3198 2336 3250 B.
2369 3200 2378 3262 Ι
2409 3200 2457 3251 4.
2486 3212 2572 3250 ce-

166 3287 320 3340 detis
354 3285 417 3339 B.
451 3284 460 3353 Ι
493 3289 540 3339 6.
580 3299 771 3338 recens
808 3285 887 3338 ed.
914 3285 1098 3339 Paris.
1126 3289 1293 3352 1513,·
1340 3290 1592 3337 recentes
1629 3285 1884 3350 (recentis
1919 3285 1988 3352 B)
2024 3286 2139 3340 cod.
2167 3290 2216 3337 et
2251 3285 2330 3337 ed.
2350 3286 2527 3352 prior.
2559 3283 2566 3352 1

169 3377 221 3429 7.
262 3370 391 3425 dein
427 3372 500 3440 133
547 3370 749 3424 deinde
787 3372 901 3426 cod.
927 3388 1027 3426 rec.
1055 3378 1104 3425 et
1140 3373 1220 3425 ed.
1246 3378 1341 3426 vet.
1375 3373 1383 3436 Ι
1415 3374 1462 3426 8.
1504 3370 1730 3424 aluntur
1762 3372 1835 3440 B,
1882 3372 2097 3425 alantur
2134 3370 2246 3426 cod.
2274 3388 2375 3425 rec.
2403 3376 2453 3425 et
2488 3371 2569 3424 ed.

167 3465 269 3514 vet.
302 3460 313 3523 1
345 3461 394 3513 9.
434 3456 729 3510 eosdemne
777 3456 969 3511 hostes
1017 3457 1241 3510 creditis
1278 3472 1400 3510 esse
1437 3457 1502 3509 B.
1535 3458 1542 3523 Ι
1580 3459 1658 3512 12.
1699 3458 1893 3510 emersi
1930 3460 2068 3513 coni.
2103 3458 2524 3512 Freinshemius.
2558 3455 2564 3525 Ι

171 3550 257 3603 15.
304 3544 544 3614 ingeniis
591 3560 658 3598 ea
701 3561 826 3598 cum
872 3560 985 3612 qua
1020 3545 1092 3599 M.
1126 3547 1133 3612 Ι
1168 3549 1247 3601 16.
1285 3544 1498 3598 Martiis
1537 3546 1971 3610 Freinshemius-,-
2015 3544 2208 3598 martis
2255 3546 2370 3601 eod.
2397 3545 2485 3612 (B)
2520 3551 2570 3599 et

169 3635 254 3689 ed.
280 3640 377 3690 vet.
412 3633 420 3700 Ι
456 3636 537 3688 19.
575 3636 792 3686 tantum
829 3632 1090 3701 contagio
1128 3635 1207 3688 ed.
1234 3634 1413 3688 Basil.
1442 3636 1607 3693 1535,·
1652 3638 1918 3700 quantum
1957 3632 2218 3700 contagio
2256 3633 2371 3688 eod.
2397 3631 2484 3699 (B)
2521 3638 2570 3685 et

169 3721 253 3775 ed.
279 3720 452 3788 prior.
488 3720 496 3785 Ι
527 3721 609 3773 23.
648 3720 923 3773 seruantis
971 3718 1157 3773 ant-icil
1202 3719 1264 3773 B.
1298 3722 1306 3785 Ι
1336 3723 1420 3775 25.
1469 3722 1872 3786 esopognatum
1909 3719 1972 3772 B.
2007 3720 2015 3787 Ι
2046 3722 2129 3773 26.
2168 3723 2448 3772 manserat
2491 3717 2568 3770 in-

170 3805 420 3859 amicitia
455 3805 519 3858 B.
553 3807 560 3871 1
592 3808 676 3861 28.
715 3806 786 3859 ad
822 3806 1073 3859 aladrum
1110 3805 1314 3858 flumen
1352 3807 1467 3861 eod.
1497 3807 1747 3874 plerique
1782 3805 1885 3873 (B),
1925 3805 1996 3858 ad
2037 3805 2240 3859 flumen
2277 3805 2567 3858 alandrum
