2925 4278
652 151 878 204 LIBER
916 150 1184 205 XXXVI.
1224 150 1390 204 CAP.
1433 155 1513 207 10.
1555 155 1635 206 11.
1677 152 1742 219 [a.
1774 152 1839 206 U.
1866 167 1910 205 c.
1939 152 2080 220 563J.
2484 136 2562 197 13

173 327 396 391 Larisa
441 327 642 405 abest,
702 325 769 389 in
815 326 972 409 ipsis
1017 324 1308 390 faucibus
1354 326 1572 405 saltus,
1635 346 1798 407 quae
1843 327 2085 408 Tempe
2145 327 2563 409 appellantur,

175 414 377 477 situm.
450 413 540 478 ibi
588 419 795 476 castra
839 418 1115 477 metatus
1160 412 1349 476 latius
1395 432 1587 493 quam
1632 433 1746 495 pro
1778 412 1975 495 copiis
2022 419 2084 477 et
2131 413 2341 495 plures
2374 433 2562 495 quam

175 507 322 581 quot
368 499 525 564 satis
569 499 633 562 in
679 519 865 563 usum
911 504 1093 563 erant
1137 498 1321 581 ignes
1367 519 1510 563 cum
1554 498 1968 578 accendisset,
2025 500 2323 581 speciem,
2372 520 2560 581 quam

176 586 548 667 quaesierat,
596 585 763 649 hosti
808 585 980 665 fecit,
1028 605 1281 649 omnem
1326 585 1414 649 ibi
1447 587 1806 650 Romanum
1838 586 2183 649 exercitum
2219 605 2360 649 cum
2407 607 2559 669 rege

112 694 139 737 5
173 672 467 755 Philippo
515 692 673 736 esse.
766 672 982 753 itaque
1043 671 1316 736 hiemem
1376 672 1616 736 instare
1660 671 1833 754 apud
1893 691 2040 737 suos
2087 682 2383 736 causatus
2428 693 2562 754 rex,

173 780 365 823 unum
414 765 661 822 tantum
705 766 985 822 moratus
1031 757 1219 838 diem,
1267 759 1350 821 ab
1396 759 1620 822 Larisa
1663 759 1926 823 recessit
1982 766 2045 822 et
2089 758 2561 823 Demetriadem

170 845 360 928 redit;
408 845 742 926 Aetolique
774 851 836 909 et
866 844 1260 909 Athamanes
1291 845 1356 908 in
1389 864 1535 910 suos
1574 851 1949 928 receperunt
1980 864 2048 909 se
2087 844 2265 909 fines.
2320 845 2564 929 Appius

173 932 307 1012 etsi,
373 932 551 996 cuius
596 932 687 995 rei
735 951 927 995 causa
971 932 1203 996 missus
1251 939 1404 1011 erat,
1469 931 1737 996 solutam
1785 933 2085 996 cernebat
2146 931 2559 1010 obsidionem,

171 1028 384 1082 tamen
444 1018 730 1082 Larisam
790 1016 875 1081 ad
930 1017 1392 1082 confirmandos
1446 1018 1512 1081 in
1569 1018 1881 1099 reliquum
1940 1019 2249 1082 sociorum
2319 1018 2564 1082 animos

82 1127 137 1170 10
173 1103 532 1187 descendit;
594 1103 960 1188 duplexque
1022 1103 1266 1168 laetitia
1327 1111 1482 1184 erat,
1545 1103 1713 1186 quod
1762 1111 1824 1168 et
1882 1103 2097 1168 hostes
2159 1115 2564 1169 excesserant

171 1191 427 1272 finibus,
476 1198 540 1254 et
584 1191 750 1255 intra
795 1190 1049 1255 moenia
1094 1189 1481 1274 praesidium
1527 1193 1881 1254 Romanum
1932 1191 2292 1255 cernebant.

380 1279 494 1340 XI.
543 1278 683 1341 Rex
732 1275 1102 1341 Chalcidem
1147 1297 1186 1339 a
1231 1276 1642 1340 Demetriade
1688 1276 2026 1359 profectuS,
2075 1297 2291 1340 amore
2339 1285 2560 1359 captus

175 1364 439 1446 virginis
487 1363 944 1443 ChalcidensiS,
995 1363 1408 1446 Cleoptolemi
1453 1363 1641 1442 filiae,
1691 1383 1833 1426 cum
1879 1370 2123 1446 patrem
2172 1363 2372 1445 primo
2417 1363 2563 1426 alle—

170 1449 403 1533 gandO,
467 1449 698 1514 deinde
747 1470 955 1514 coram
1017 1450 1155 1533 ipse
1214 1448 1500 1532 rogando
1561 1449 1912 1530 fatigasset,
1974 1449 2244 1513 invitum
2306 1469 2373 1514 sc
2427 1470 2562 1533 gra—

82 1558 137 1602 15
171 1537 363 1601 vioris
409 1536 699 1600 fortunae
747 1535 1101 1601 condicioni
1160 1536 1534 1617 illigantem,
1597 1533 1856 1599 tandem
1917 1536 2254 1618 impetrata
2299 1556 2366 1600 re
2412 1543 2562 1599 tam-

173 1644 361 1704 quam
410 1624 474 1686 in
522 1622 734 1687 media
779 1642 938 1706 pace
984 1623 1240 1705 nuptias
1287 1623 1566 1688 celebrat
1604 1629 1668 1686 et
1714 1621 1975 1686 relicum
2019 1621 2266 1703 hiemis,
2314 1623 2561 1703 oblituS,

174 1716 442 1791 quantas
506 1710 691 1773 simul
739 1709 898 1773 duas
957 1729 1060 1773 res
1122 1710 1522 1792 suscepisset,
1586 1709 1820 1774 bellum
1865 1710 2218 1772 Romanum
2268 1716 2330 1772 et
2374 1709 2562 1774 Grae-

173 1796 335 1859 ciam
396 1795 810 1876 liberandam,
873 1795 1109 1860 omissa
1166 1797 1444 1859 omnium
1504 1815 1714 1859 rerum
1774 1815 1941 1875 cura,
2004 1795 2069 1859 in
2134 1795 2441 1860 conviviis
2503 1802 2564 1858 et

170 1882 390 1946 vinum
437 1882 847 1963 sequentibus
894 1882 1327 1964 voluptatibus
1386 1901 1465 1945 ac
1510 1880 1744 1945 deinde
1792 1901 1872 1944 ex
1935 1881 2311 1964 fatigatione
2358 1882 2562 1964 magis

77 1989 136 2034 20
173 1989 363 2049 quam
410 1968 703 2032 satietate
764 1988 979 2032 earum
1039 1969 1106 2031 in
1153 1987 1372 2032 somno
1434 1967 1734 2031 traduxit,
1829 1966 2052 2031 eadem
2114 1988 2333 2032 omnes
2389 1989 2562 2051 prae-

170 2054 373 2119 fectos
418 2054 647 2137 regiOS,
695 2054 802 2135 qui
838 2055 1102 2135 ubique,
1149 2053 1234 2117 ad
1266 2055 1595 2118 Boeotiam
1640 2054 1940 2134 maxime,
1987 2055 2329 2137 praepositi
2361 2054 2561 2118 hiber-

168 2143 269 2207 nis
317 2148 520 2222 erant,
567 2142 736 2224 cepit
779 2142 1057 2224 luxuria3
1117 2141 1184 2204 in
1249 2142 1521 2206 eandem
1568 2148 1631 2204 et
1690 2141 1921 2206 milites
1968 2142 2153 2205 effusi
2206 2148 2381 2206 sunt:
2444 2162 2563 2206 nec

169 2229 506 2310 quisquam
568 2247 783 2292 eorum
844 2234 953 2291 aut
1011 2248 1189 2291 arma
1248 2227 1473 2307 induit,
1544 2234 1656 2291 aut
1725 2228 2063 2291 stationem
2132 2233 2243 2291 aut
2310 2228 2564 2311 vigilias

169 2315 470 2393 servavit,
516 2321 627 2377 aut
673 2314 1030 2414 quicquam,
1087 2313 1257 2395 quod
1306 2280 1594 2377 milit’aris
1640 2314 1848 2397 operis
1894 2321 2005 2378 aut
2049 2315 2329 2379 muneris
2376 2322 2561 2394 esset,

78 2419 134 2465 25
169 2401 338 2465 fecit.
433 2401 646 2482 itaque
707 2401 1016 2483 principio
1081 2400 1268 2481 veris,
1333 2420 1476 2463 cum
1537 2420 1651 2483 per
1704 2399 2048 2465 Phocidem
2108 2400 2560 2479 Chaeroneam,

171 2508 293 2569 quo
327 2487 667 2551 convenire
699 2508 952 2551 omnem
981 2486 1262 2587 undique
1307 2486 1656 2551 exercitum
1703 2487 1990 2566 iusserat,
2032 2486 2330 2565 venisset,
2377 2486 2564 2550 facile

170 2573 623 2638 animadvertit
663 2573 861 2637 nihilo
894 2574 1209 2638 severiore
1242 2572 1579 2656 disciplina
1610 2572 1842 2636 milites
1874 2592 2064 2653 quam
2096 2571 2320 2635 ducem
2361 2572 2563 2635 hiber-

170 2680 379 2726 nasse.
472 2659 909 2724 Alexandrum
979 2659 1129 2723 inde
1190 2661 1533 2723 Acarnana
1600 2665 1662 2723 et
1723 2659 2089 2741 Menippum
2149 2657 2561 2723 Macedonem

380 2855 424 2906 1.
463 2849 536 2903 ab
574 2850 765 2902 Larisa
801 2868 903 2905 om.
924 2850 986 2902 B.
1021 2857 1027 2908 Ι
1059 2853 1108 2904 2.
1145 2848 1224 2902 ibi
1261 2850 1331 2913 M,
1370 2852 1484 2906 cod.
1524 2868 1624 2905 rec.
1662 2851 1819 2915 (Lov.
1851 2851 1926 2916 2),
1963 2849 2145 2904 Aldus
2183 2856 2231 2903 et
2265 2867 2432 2918 seqq.;
2469 2850 2565 2903 ubi

166 2938 229 3005 B,
267 2938 384 2993 cod.
421 2954 522 2992 rec.
563 2943 613 2990 et
648 2938 728 2990 ed.
766 2938 1054 3005 antiquiss.
1090 2939 1097 3003 Ι
1129 2941 1371 2989 metatus
1408 2937 1461 2988 M
1500 2944 1547 2990 et
1583 2937 1663 2991 ecl.
1689 2944 1783 2990 vet.
1812 2954 1946 3005 quas
1982 2937 2099 2991 vicli
2135 2953 2345 3002 omnes;
2380 2955 2480 2992 om.
2520 2937 2566 2988 B

167 3031 216 3078 et
250 3025 366 3080 cod.
404 3040 502 3078 rec.
538 3024 545 3088 Ι
578 3038 745 3091 quam
780 3037 880 3090 pro
917 3022 1090 3091 copiis
1129 3029 1186 3075 et
1220 3023 1409 3090 plures
1432 3023 1504 3091 M,
1532 3024 1713 3077 Aldus
1749 3030 1797 3076 et
1831 3040 1967 3091 seqq.
1979 3042 1999 3089 ,·
2034 3041 2133 3077 om.
2163 3022 2223 3090 B,
2262 3024 2376 3078 cod.
2411 3040 2511 3078 rec.
2555 3022 2561 3092 Ι

166 3113 213 3165 3.
251 3114 392 3177 quot
435 3110 507 3178 M,
552 3111 734 3164 Aldus
745 3130 765 3177 ,·
807 3108 957 3176 quod
1001 3106 1099 3176 (qd
1140 3109 1207 3175 B)
1252 3110 1314 3176 B,
1363 3112 1477 3166 eod.
1524 3127 1624 3164 rec.
1673 3116 1723 3163 et
1767 3111 1847 3163 eol.
1898 3110 2184 3177 antiquiss.
2227 3109 2234 3175 Ι
2277 3113 2396 3161 erat
2441 3109 2565 3177 B¹‘?,

165 3199 422 3253 nonnulli
467 3198 582 3252 cod.
628 3214 731 3252 rec.
775 3198 892 3262 (sed
936 3197 1071 3258 Lov.
1107 3200 1146 3250 2
1190 3199 1384 3263 erant).
1437 3200 1445 3261 Ι
1495 3200 1541 3251 5.
1591 3200 1739 3248 stare
1776 3195 1822 3247 B
1867 3203 1916 3250 et
1953 3198 2130 3264 pauci
2172 3212 2291 3260 rea,
2339 3195 2565 3249 obstare

167 3286 305 3340 coni.
345 3285 552 3338 Duker.
586 3286 594 3350 Ι
628 3287 674 3338 7.
714 3282 861 3336 redit
895 3283 967 3351 B,
1004 3282 1171 3335 rediit
1207 3282 1260 3333 M
1300 3284 1390 3350 (cf.
1435 3284 1661 3351 Gollinq
1698 3284 1893 3351 ephem.
1915 3286 2102 3336 Austr.
2128 3286 2268 3334 1888
2284 3300 2342 3349 p.
2368 3284 2512 3348 896).
2555 3282 2561 3348 Ι

170 3373 248 3425 10.
290 3374 652 3423 excesserunt
686 3370 756 3422 M.
791 3371 799 3436 Ι
834 3372 913 3424 12.
945 3386 978 3423 a
1006 3369 1252 3422 chalcide
1289 3369 1563 3437 (adaleide
1599 3369 1688 3430 B1)
1728 3367 1798 3420 ad
1836 3366 2174 3422 demetriade
2209 3368 2272 3435 B,
2310 3371 2425 3424 cod.
2463 3386 2562 3423 rec.

165 3459 410 3525 plerique
445 3463 494 3511 et
530 3457 609 3510 ed.
649 3458 936 3525 antiquiss.
973 3457 981 3522 Ι
1017 3459 1095 3511 13.
1134 3455 1487 3524 cleoptolomi
1524 3455 1584 3509 Β.
1621 3459 1627 3513 Ι
1664 3458 1742 3509 16.
1783 3453 2105 3507 celebrabat
2141 3456 2186 3507 B
2224 3461 2271 3507 et
2310 3457 2423 3511 cod.
2462 3472 2563 3509 rec.

166 3545 326 3608 (Lov.
362 3545 436 3609 2).
490 3543 498 3611 Ι
545 3542 800 3595 relictum
835 3542 898 3595 B.
934 3545 942 3607 Ι
980 3546 1059 3598 17.
1096 3548 1334 3609 quantas
1369 3542 1440 3609 M,
1479 3544 1557 3596 ed.
1598 3543 1776 3595 Basil.
1816 3544 1980 3608 1535,·
2015 3540 2227 3609 quantu
2264 3541 2309 3592 B
2347 3547 2395 3595 et
2430 3559 2565 3595 non-

165 3632 312 3684 nulli
349 3631 464 3685 cod.
503 3646 623 3696 rec„
661 3643 799 3696 quas
836 3635 955 3680 tum
981 3631 1094 3685 eod.
1120 3646 1220 3683 rec.
1244 3630 1402 3694 (Lov.
1431 3631 1508 3696 2),
1544 3632 1781 3695 quantas
1818 3632 1938 3680 tum
1974 3629 2158 3682 Mead.
2195 3634 2244 3681 1.
2288 3630 2294 3695 Ι
2336 3631 2418 3683 20.
2456 3643 2566 3679 om-

166 3715 253 3769 nis
288 3716 355 3768 B.
407 3720 414 3779 Ι
464 3718 548 3770 23.
598 3714 818 3767 induxit
853 3714 900 3766 Β
946 3721 996 3769 et
1039 3716 1296 3770 nonnulli
1342 3705 1449 3769 rec.
1483 3716 1638 3779 (Lov.
1676 3718 1728 3781 2,
1766 3716 1834 3781 cf.
1874 3717 2070 3783 ephem.
2109 3715 2294 3768 Austr.
2334 3715 2512 3779 1892).
2558 3713 2563 3781 Ι

166 3805 250 3857 26.
279 3816 594 3856 conuenere
618 3801 681 3857 B.
715 3804 724 3866 Ι
755 3805 839 3857 28.
878 3800 1244 3855 acharnanam
1271 3801 1335 3868 B,
1361 3817 1691 3854 acarnanam
1716 3802 1974 3856 nonnulli
1998 3803 2110 3856 cod.
2137 3818 2234 3855 rec.
2263 3801 2421 3866 (Lov.
2439 3802 2512 3865 2).
2557 3797 2562 3864 Ι

2612 694 2668 739 12

2613 868 2667 911 13

2612 1127 2669 1171 14

2636 2425 2667 2471 0¹
