2925 4278
396 65 477 128 96
932 81 1155 134 LIBER
1193 81 1488 135 XXXVII.
1529 80 1692 134 CAP.
1719 84 1802 136 41.
1844 81 1914 148 [a.
1942 79 2008 134 U.
2035 95 2079 132 ο.
2107 79 2244 146 564].

395 257 670 323 hostium
718 258 918 322 aciem
964 258 1313 323 Antiochus
1361 257 1733 337 crediderat,
1778 257 1845 321 in
1892 277 2037 322 suos
2082 263 2381 322 terrorem
2433 261 2750 322 verterunt.

328 358 358 406 6
397 351 676 409 armatae
723 351 934 410 autem
979 347 1044 409 in
1104 345 1275 409 hunc
1335 344 1611 409 maxime
1672 344 1925 408 modum
1988 351 2197 408 erant:
2262 343 2551 428 cuspides
2609 343 2756 406 circa

398 439 714 497 temonem
759 433 840 497 ab
887 432 1034 516 iugo
1083 432 1302 496 decem
1350 433 1564 496 cubita
1610 437 1936 495 exstantes
1966 432 2139 495 velut
2170 451 2403 495 cornua
2434 430 2754 507 habebant,

332 531 360 579 7
399 519 647 600 quibuS,
695 518 1004 600 quidquid
1050 519 1304 583 obvium
1352 518 1625 597 daretur,
1688 519 2162 601 transfigerent3
2226 526 2289 582 et
2347 517 2414 581 in
2478 516 2757 581 extremis

396 605 562 688 iugis
608 605 799 669 binae
845 605 1014 669 circa
1059 606 1422 671 eminebant
1482 605 1698 685 falces,
1761 605 1959 668 altera
2018 611 2290 685 aequata
2349 604 2515 687 iugc,
2577 603 2758 666 altera
2811 621 2831 664 5

399 692 656 755 inferior
699 692 769 755 in
816 699 1045 756 terram
1092 692 1360 771 devexa,
1409 692 1517 755 illa
1562 700 1649 770 ut,
1700 690 2006 772 quidquid
2051 691 2132 755 ab
2180 692 2373 755 latere
2405 690 2756 768 obiceretur,

396 778 771 858 abscideret,
818 779 978 842 haec
1023 788 1091 843 ut
1137 780 1461 863 prolapsos
1508 779 1976 858 subeuntesque
2023 778 2448 861 contingeret3
2497 778 2645 841 item
2688 776 2755 839 ab

289 916 290 919 η
394 865 625 930 axibus
670 872 941 929 rotarum
973 867 1284 947 utrimque
1316 867 1506 930 binae
1539 864 1761 930 eodem
1793 864 1980 930 modo
2012 864 2303 929 diversae
2336 864 2758 947 deligabantur

326 965 357 1012 8
397 952 608 1016 falces
702 953 794 1016 sic
838 960 1114 1017 armatas
1162 952 1525 1035 quadrigas,
1574 952 1742 1033 quia,
1791 952 1845 1015 si
1889 952 1956 1014 in
2003 958 2286 1017 extremo
2331 957 2439 1015 aut
2469 952 2536 1014 in
2570 948 2756 1014 medio

396 1039 639 1103 locatae
685 1038 910 1118 forent,
958 1059 1071 1123 per
1117 1059 1262 1104 suos
1307 1038 1598 1122 agendae
1645 1045 1842 1119 erant,
1904 1038 1972 1102 in
2032 1039 2236 1122 prima
2295 1038 2452 1116 acie,
2517 1047 2585 1102 ut
2628 1043 2757 1100 ante
2788 1051 2828 1097 10
2864 1064 2865 1067 ¹

328 1139 357 1186 9
397 1124 634 1189 dictum
681 1132 793 1205 est,
827 1127 1144 1190 locaverat
1175 1146 1307 1190 rex.
1388 1125 1554 1207 quod
1587 1126 1694 1189 ubi
1726 1126 2043 1190 Eumenes
2075 1124 2252 1204 vidit,
2294 1124 2465 1188 haud
2498 1125 2756 1207 ignarus,

397 1232 584 1294 quam
630 1233 867 1296 anceps
927 1219 1093 1277 esset
1154 1233 1407 1297 pugnae
1471 1219 1533 1276 et
1592 1212 1810 1276 auxilii
1871 1232 2092 1295 genus,
2165 1212 2217 1276 si
2279 1211 2420 1293 quis
2478 1230 2758 1295 pavorem
2868 1278 2869 1289 ,

396 1300 601 1382 magis
648 1300 825 1381 equis
871 1300 1150 1380 iniceret,
1199 1320 1385 1381 quam
1432 1299 1600 1363 iusta
1643 1298 2009 1363 adoriretur·
2035 1318 2272 1383 pugna,
2308 1298 2640 1363 Cretenses
2683 1316 2759 1360 sa-

396 1386 681 1469 gittarios
726 1385 1201 1468 funditoresque
1249 1391 1311 1450 et
1357 1386 1730 1450 iaculatores
1775 1408 1913 1448 cum
1944 1385 2196 1470 aliquot
2230 1385 2467 1447 turmis
2500 1384 2758 1466 equitum

275 1529 280 1533 .
396 1493 521 1537 non
586 1472 919 1553 confertos,
984 1473 1097 1537 sed
1160 1493 1348 1554 quam
1409 1473 1688 1536 maxime
1747 1479 2006 1555 possent
2068 1471 2383 1556 dispersos
2446 1488 2759 1536 excurrere
2790 1485 2828 1531 15

298 1572 359 1619 10
397 1558 569 1623 iubet
627 1565 688 1623 et
744 1580 825 1624 ex
872 1560 1165 1624 omnibus
1212 1560 1399 1625 simul
1461 1559 1746 1643 partibus
1806 1560 1933 1623 tela
1989 1559 2296 1642 ingerere.
2389 1557 2551 1622 haec
2608 1557 2759 1621 velut

397 1645 672 1728 procella
716 1647 944 1729 partim
990 1647 1356 1722 vulneribus
1401 1647 1730 1710 missilium
1764 1645 2043 1727 undique
2090 1645 2515 1709 coniectorum
2556 1644 2760 1728 partim

398 1732 775 1797 clamoribus
821 1731 1095 1799 dissonis
1138 1733 1229 1797 ita
1274 1733 1702 1798 consternavit
1749 1752 1962 1813 equoS,
2010 1738 2077 1796 ut
2108 1740 2369 1816 repente
2402 1732 2578 1796 velut
2609 1730 2760 1795 effre·

297 1831 356 1878 11
398 1818 531 1882 nati
589 1819 825 1902 passim
886 1821 1123 1884 incerto
1185 1840 1371 1884 cursu
1432 1819 1778 1903 ferrentur3
1843 1839 2104 1900 quorum
2164 1819 2438 1902 impetus
2503 1826 2568 1884 et
2625 1816 2763 1881 levis

396 1911 716 1969 armatura
761 1912 822 1970 et
871 1906 1150 1990 expediti
1197 1905 1549 1970 funditores
1596 1913 1659 1971 et
1704 1906 1890 1971 velox
1938 1905 2259 1971 Cretensis
2307 1912 2627 1970 momento
2679 1902 2763 1966 de·
2792 1917 2834 1965 20

397 1992 751 2077 clinabant;
802 2001 865 2058 et
911 2014 1104 2094 eques
1149 1992 1541 2075 insequendo
1587 1993 1921 2057 tumultum
1966 2012 2043 2055 ac
2087 2011 2388 2076 pavorem
2451 1993 2749 2074 equisca
2686 2009 2764 2053 ca-
2868 2000 2869 2071 1

397 2079 721 2181 melisque,
793 2088 854 2145 et
914 2080 1068 2164 ipsis
1128 2080 1312 2145 simul
1374 2080 1808 2161 consternatiS,
1870 2079 2165 2163 augebat,
2237 2079 2512 2143 clamore
2582 2087 2643 2144 et
2695 2075 2762 2139 ab

299 2180 362 2227 12
399 2167 525 2230 alia
589 2167 1124 2232 circumstantium
1192 2168 1378 2231 turba
1444 2167 1775 2251 multiplici
1842 2167 2107 2231 adiecto.
2199 2166 2291 2230 ita
2361 2165 2574 2232 medio
2627 2167 2766 2229 inter

607 2362 654 2413 2.
693 2358 950 2426 cuspides
987 2358 1127 2411 duas
1165 2358 1309 2410 circa
1346 2362 1621 2410 temonem
1660 2355 1730 2409 ab
1768 2356 1902 2424 iugo
1937 2356 2050 2409 duo
2086 2356 2217 2409 item
2255 2354 2444 2408 cubita
2469 2358 2612 2412 coni.
2641 2357 2761 2410 Heu-
2868 2397 2869 2408 ,

400 2446 582 2514 siuyer
619 2445 710 2512 (ab
758 2446 893 2513 iugo
939 2444 1050 2498 duo
1087 2448 1166 2499 vel
1201 2443 1333 2497 bina
1375 2444 1563 2497 cubita
1599 2447 1712 2498 iam
1748 2445 2135 2498 Drakenborch
2171 2445 2232 2497 in
2267 2445 2437 2508 adiu).
2472 2447 2478 2506 Ι
2515 2446 2563 2499 3.
2602 2440 2765 2496 cubito

401 2534 539 2586 coni.
570 2534 818 2601 Scheffer.
852 2533 859 2600 Ι
894 2532 1163 2584 exstantis
1200 2533 1259 2585 B.
1294 2533 1301 2600 Ι
1335 2537 1381 2586 5.
1421 2532 1596 2584 altera
1632 2535 1866 2599 aequata
1904 2530 2036 2598 iugo
2073 2531 2186 2585 cod.
2214 2548 2313 2585 rec.
2340 2537 2389 2584 et
2424 2531 2503 2584 ed.
2532 2538 2627 2586 vet.
2655 2544 2769 2598 quas

400 2620 516 2672 vidi
562 2637 768 2681 omues;
817 2624 1054 2687 aequata
1099 2619 1233 2688 iugo
1270 2621 1331 2686 B,
1370 2624 1610 2687 aequata
1655 2619 1787 2687 iugo
1830 2618 2003 2671 altera
2039 2620 2315 2688 Kreyssiy.
2350 2620 2358 2683 Ι
2390 2621 2437 2672 7.
2476 2615 2770 2671 subeuntis-

400 2720 507 2772 que
537 2706 598 2758 B.
632 2707 639 2771 Ι
672 2710 981 2759 contereret
1005 2708 1143 2762 Lov.
1170 2712 1218 2774 6,
1257 2705 1559 2774 configeret
1584 2707 1721 2760 coni.
1748 2707 1919 2760 Koch.
1954 2709 1961 2770 Ι
1993 2709 2040 2760 9.
2067 2705 2197 2773 quia
2234 2704 2279 2758 si
2317 2706 2430 2760 cod.
2457 2723 2560 2760 rec.
2586 2701 2771 2771 (Voss.)

401 2799 450 2845 et
481 2794 561 2846 ed.
588 2800 711 2854 vet.‚·
747 2792 908 2861 quasi
944 2795 1005 2860 B,
1042 2795 1175 2848 Lov.
1201 2799 1250 2848 2.
1288 2796 1294 2858 Ι
1331 2797 1409 2848 11.
1448 2792 1600 2845 haud
1636 2792 1880 2859 ignaruS,
1919 2808 2083 2860 quam
2127 2807 2330 2859 anceps
2375 2796 2525 2845 esset
2569 2802 2772 2859 pugnae

403 2882 460 2931 et
494 2878 686 2931 auxilii
721 2895 899 2946 genus
938 2882 1205 2950 Fueyner,
1244 2884 1311 2949 cf.
1342 2883 1421 2935 M.
1450 2882 1682 2934 Mueller
1712 2884 1890 2949 praef.
1910 2898 1970 2948 p.
1998 2879 2095 2933 IX
2114 2887 2176 2934 ‘et
2213 2881 2288 2933 H.
2316 2882 2363 2933 Ι.
2391 2881 2623 2934 Mueller
2656 2892 2772 2930 ann.

402 2967 584 3036 Berol.
613 2971 746 3020 1891
778 2985 838 3036 p.
865 2972 993 3035 169,-
1028 2967 1175 3020 haud
1211 2968 1438 3036 ignarus
1478 2982 1698 3035 pugnae
1734 2982 1898 3034 quam
1935 2982 2136 3034 anceps
2172 2971 2321 3020 esset
2355 2970 2413 3019 et
2437 2966 2623 3019 auxilii
2648 2975 2774 3032 gens

402 3055 524 3120 (sic)
561 3054 623 3121 B,
660 3053 809 3106 haud
845 3054 1069 3122 ignarus
1106 3070 1328 3122 pugnae
1367 3060 1424 3108 et
1458 3071 1623 3122 quam
1659 3069 1862 3121 anceps
1908 3059 2058 3107 esset
2103 3052 2290 3106 auxilii
2335 3068 2515 3121 genus
2551 3055 2642 3108 rel.
2669 3049 2771 3105 cod.
2868 3101 2869 3128 ἶ

402 3148 452 3195 et
487 3142 566 3194 ed.
592 3148 687 3196 vet.
724 3145 731 3207 Ι
767 3143 845 3195 13.
871 3156 1034 3208 quam
1071 3147 1135 3194 ut
1169 3142 1316 3194 iusta
1341 3142 1410 3194 M.
1445 3145 1452 3206 Ι
1489 3144 1567 3196 14.
1595 3157 1719 3194 cum
1755 3141 1965 3209 aliquot
1999 3141 2192 3194 turmis
2230 3141 2473 3207 equitum
2498 3142 2621 3198 coni
2665 3136 2771 3192 Gre-

402 3234 537 3289 viem
585 3226 833 3296 equitum
878 3230 991 3284 cod.
1018 3236 1066 3283 et
1102 3231 1179 3283 ed.
1209 3237 1323 3296 vet„
1366 3250 1435 3279 202*
1467 3228 1713 3297 equitum
1750 3230 2142 3295 Weissenborn,
2193 3244 2318 3281 cum
2362 3232 2520 3296 parte
2565 3238 2772 3281 suorum

402 3314 647 3380 equitum
674 3316 984 3369 dubitanter
1007 3317 1088 3370 M.
1103 3318 1334 3370 Mueller
1349 3319 1531 3385 praef.
1560 3334 1618 3384 p.
1632 3318 1738 3369 IX.
1772 3318 1779 3380 Ι
1816 3318 1892 3370 16.
1922 3320 1979 3368 et
2004 3330 2071 3368 ex
2097 3314 2350 3367 omnibus
2375 3314 2536 3367 simul
2555 3314 2773 3370 Bel-ker,-

403 3414 472 3452 ex
518 3400 772 3454 omnibus
820 3401 976 3455 simul
1015 3405 1129 3458 cod.
1152 3405 1397 3472 plerique
1432 3402 1515 3470 (B,
1561 3403 1746 3469 Vasa),
1784 3407 1841 3454 et
1877 3402 2127 3455 omnibus
2164 3402 2324 3455 simul
2362 3404 2494 3458 Lov.
2518 3407 2568 3466 2,
2608 3411 2772 3467 exque

402 3487 657 3545 omnibus
705 3487 867 3541 simul
916 3491 994 3543 cd.
1034 3492 1343 3558 antiquiss„
1386 3489 1547 3542 simul
1594 3488 1848 3542 omnibus
1885 3491 1966 3543 ed.
1999 3490 2178 3543 Basil.
2213 3494 2365 3543 1535.
2406 3494 2412 3551 Ι
2460 3492 2537 3544 17.
2585 3485 2768 3555 partim

403 3573 726 3627 vulneribus
763 3575 1049 3628 missilium
1098 3575 1341 3644 undique
1387 3576 1760 3629 coniectorum
1796 3575 1866 3643 M,
1905 3578 2180 3645 Moyunt.;
2225 3595 2327 3631 om.
2355 3578 2445 3630 rel.
2475 3576 2587 3630 cod.
2614 3573 2694 3638 (B)
2727 3575 2770 3623 et
2868 3631 2869 3654 Χ

404 3663 483 3716 ed.
509 3663 794 3731 antiquiss.
828 3667 835 3728 Ι
874 3665 952 3717 19.
989 3664 1226 3730 impetus
1272 3664 1324 3716 M
1364 3665 1520 3730 (Lov.
1545 3666 1661 3731 2.9),
1708 3665 1913 3726 Aldus;
1958 3663 2162 3730 impetii
2205 3666 2297 3718 rel.
2335 3664 2449 3719 cod.
2483 3662 2566 3731 (B)
2609 3668 2655 3715 et
2696 3659 2766 3713 ed.

396 3751 575 3818 prior.
610 3754 616 3814 Ι
