2925 4278
395 100 519 162 114
871 114 1094 167 LIBER
1132 113 1431 169 XXXVII.
1473 112 1637 169 CAP.
1665 117 1748 168 55.
1776 116 1859 168 56.
1899 112 1972 180 [a.
1999 113 2065 168 U.
2092 128 2137 171 c.
2164 115 2309 182 564}

391 292 524 355 riae
569 291 858 370 fuissent,
908 288 1169 355 eaedem
1200 289 1477 372 vectigal
1505 288 1775 352 Eumeni
1806 288 2191 373 penderent;
2240 310 2403 371 quae
2433 289 2755 372 vectigales
2858 316 2859 355 l

326 389 353 435 7
393 377 691 442 Antiochi
759 377 1047 456 fuissent,
1120 395 1233 440 eae
1299 376 1537 439 liberae
1604 382 1795 457 atque
1854 375 2168 440 immunes
2235 383 2461 441 essent.
2553 375 2756 439 decem
2858 420 2859 485 1

390 465 634 547 legatos
679 463 796 528 hos
842 463 1290 528 decreverunt:
1340 460 1412 537 Q.
1449 461 1795 526 Minucium
1840 462 2075 526 Rufum
2130 463 2202 526 L.
2238 464 2496 526 Furium
2540 462 2757 544 Purpu-
2858 500 2859 543 ,

389 552 629 615 rionem
679 549 754 626 Q.
788 549 1132 614 Minucium
1177 548 1522 612 Thermum
1567 549 1687 631 Ap.
1724 548 2059 613 Claudium
2104 550 2422 614 Neronem
2482 549 2596 613 On.
2630 548 2758 613 Cor·
2858 586 2859 647 ᾖ

389 638 625 702 nelium
671 637 975 700 Merulam
1007 636 1087 698 M.
1121 636 1373 699 Iunium
1403 635 1668 698 Brutum
1698 635 1769 698 L.
1803 635 2297 699 Aurunculeium
2336 636 2407 699 L.
2439 635 2759 699 Aemilium
2809 653 2830 697 5
2858 664 2859 719 3

326 737 351 783 1
388 725 656 788 Paulum
700 724 769 786 P.
806 722 1164 787 Cornelium
1208 721 1547 785 Lentulum
1592 722 1661 784 P.
1696 720 1948 785 Aelium
1976 722 2394 785 Tuberonem.
2441 722 2603 785 LVI.
2636 720 2757 799 His,

392 831 556 893 quae
602 809 953 893 praesentis
984 807 1464 890 disceptationis
1495 813 1727 888 essent,
1760 808 1960 872 libera
2006 807 2341 891 mandata;
2398 807 2477 872 de
2533 827 2760 872 summa

323 909 353 955 2
391 918 599 962 rerum
646 902 903 960 senatus
950 895 1289 959 constituit.
1367 894 1763 976 Lycaoniam
1795 914 2046 959 omnem
2079 901 2143 959 et
2172 894 2520 977 Phrygiam
2552 901 2759 958 utram·

391 1003 514 1064 que
562 989 625 1047 et
669 982 942 1065 Mysiam
994 981 1235 1064 regiam
1294 988 1358 1045 et
1416 980 1647 1062 Milyas
1708 985 1772 1045 et
1830 979 2078 1063 Lydiae
2138 981 2483 1062 Ioniaeque
2545 978 2759 1064 oppida
2858 1018 2859 1023 κ

392 1076 574 1133 extra
621 1089 714 1148 ea,
762 1088 926 1149 quae
971 1068 1172 1133 libera
1217 1067 1507 1146 fuissent,
1556 1086 1679 1147 quo
1741 1066 1844 1131 die
1891 1087 2035 1130 cum
2091 1087 2244 1151 rege
2299 1067 2611 1132 Antiocho
2666 1078 2859 1150 pu-10'

322 1169 353 1217 3
389 1163 654 1239 gnatum
701 1161 816 1235 est,
865 1160 927 1218 et
971 1153 1346 1219 nominatim
1406 1153 1802 1236 Magnesiam
1868 1152 1953 1216 ad
2012 1153 2324 1237 Sipylum,
2387 1160 2453 1218 et
2509 1153 2757 1231 Cariam,
2858 1144 2859 1199 ἶ

392 1263 554 1324 quae
600 1241 886 1325 Hydrela
944 1241 1316 1324 appellatur,
1364 1260 1713 1323 agrumque
1760 1239 2248 1322 Hydrelitanum
2293 1239 2378 1303 ad
2431 1239 2757 1322 Phrygiam
2858 1226 2859 1283 ἶ

391 1336 781 1412 vergentem,
829 1334 894 1392 et
939 1327 1199 1391 castella
1242 1327 1545 1408 vicosque
1575 1325 1660 1389 ad
1691 1325 2104 1390 Maeandrum
2136 1346 2390 1390 amnem
2433 1333 2498 1391 et
2528 1323 2756 1409 oppida,

323 1434 355 1479 4
391 1416 515 1479 nisi
562 1435 725 1497 quae
770 1414 971 1478 libera
1015 1420 1164 1477 ante
1210 1414 1452 1478 bellum¹
1490 1412 1777 1493 fuissent,
1839 1413 2235 1478 Telmessum
2294 1413 2449 1477 item
2504 1412 2757 1477 nomina·
2858 1440 2859 1451 ¹

390 1503 502 1565 tim
566 1508 629 1565 et
688 1508 896 1565 castra
954 1500 1393 1579 Telmessium,
1457 1505 1707 1582 praeter
1765 1519 2009 1582 agrum,
2071 1500 2180 1580 qui
2240 1499 2592 1564 Ptolemaei
2641 1496 2859 1597 Tel-15}

392 1588 606 1652 messii
652 1587 876 1667 fuisset
923 1609 1040 1650 -ε
1111 1586 1268 1650 haec
1337 1586 1568 1665 omnia,
1639 1605 1802 1666 quae
1865 1606 2055 1668 supra
2115 1591 2262 1650 sunt
2321 1586 2578 1670 scripta,
2642 1582 2756 1665 regi
2858 1606 2859 1675 ,

324 1694 355 1742 5
393 1674 662 1737 Eumeni
708 1674 884 1737 iussa
928 1671 1084 1736 dari.
1178 1670 1441 1736 Rhodiis
1487 1671 1689 1754 Lycia
1734 1670 1885 1735 data
1945 1678 2127 1737 extra
2187 1671 2465 1736 eundem
2510 1673 2757 1736 Telmes-
2858 1682 2859 1755 f

392 1781 531 1825 sum
599 1767 663 1824 et
723 1766 930 1823 castra
988 1759 1407 1823 Telmessium
1469 1764 1533 1821 et
1584 1778 1827 1841 agrum,
1892 1759 1996 1840 qui
2060 1758 2405 1823 Ptolemaei
2450 1754 2757 1823 Telmessii
2858 1774 2859 1823 1

323 1868 352 1914 6
391 1847 633 1911 fuisset.
727 1845 831 1909 hic
878 1851 941 1909 et
984 1845 1066 1908 ab
1113 1844 1397 1908 Eumene
1444 1850 1509 1908 et
1552 1843 1819 1909 Rhodiis
1864 1850 2189 1928 exceptus
2284 1865 2362 1909 ea
2408 1865 2655 1927 quoque
2692 1841 2756 1904 iis

389 1953 539 2016 pars
584 1933 810 1997 Cariae
858 1931 1027 2010 data,
1075 1950 1237 2011 quae
1300 1931 1554 2014 propior
1613 1930 1907 1995 Rhodum
1967 1931 2238 1995 insulam
2298 1937 2476 1996 trans
2537 1932 2757 1995 Maean-
2785 1942 2832 1989 20

391 2019 572 2082 drum
627 2038 882 2082 amnem
942 2022 1055 2097 est,
1121 2016 1374 2100 oppida,
1438 2016 1583 2097 vici,
1647 2017 1924 2098 castella,
1988 2018 2145 2101 agri,
2193 2017 2302 2098 qui
2346 2016 2431 2080 ad
2479 2016 2758 2082 Pisidiam
2858 2072 2859 2077 ,

605 2302 650 2351 1.
702 2296 843 2349 ead‘e‘
885 2298 947 2350 B.
990 2299 996 2360 Ι
1038 2300 1085 2351 5.
1134 2295 1397 2348 Merulam
1453 2296 1567 2350 cod.
1603 2302 1653 2349 et
1696 2296 1773 2349 eol.
1811 2305 1944 2358 vet.,·
1987 2295 2301 2349 Merendam
2347 2299 2490 2351 coni.
2525 2297 2714 2351 Duker.
2749 2288 2756 2358 Ι
2858 2301 2859 2310 ’

391 2383 712 2437 ειτηῐιοιιΙθίῦ
747 2384 808 2436 Β.
842 2388 849 2448 Ι
890 2387 937 2440 8.
976 2378 1212 2435 licaonia
1254 2383 1313 2435 B.
1350 2384 1357 2447 Ι
1397 2385 1448 2436 9.
1496 2387 1552 2433 et
1597 2381 1833 2449 Mysiam
1879 2382 2088 2450 regiam
2135 2385 2193 2435 et
2224 2382 2428 2451 Milyas
2477 2386 2536 2435 et
2569 2378 2761 2449 Lydiae

392 2470 696 2538 Ioniaeque
734 2471 967 2539 Madvig]
1005 2471 1128 2522 Em.
1157 2470 1225 2522 L.
1263 2486 1324 2537 p.
1361 2471 1490 2535 536,-
1535 2471 1592 2520 et
1626 2466 1860 2536 mysiam
1897 2470 1997 2534 (sie
2032 2468 2103 2536 M,
2142 2473 2199 2521 et
2241 2468 2429 2521 misias
2466 2470 2530 2537 B,
2569 2472 2624 2520 et
2663 2479 2763 2532 my·
2858 2507 2859 2512 1

391 2557 502 2610 sias
539 2560 617 2611 vel
653 2556 889 2625 myssias
927 2557 1039 2611 eod.
1066 2557 1193 2621 rec.)
1218 2554 1401 2621 regias
1439 2552 1610 2607 siluas
1649 2557 1706 2606 et
1742 2553 1929 2621 lydiae
1964 2554 2257 2622 ioniaeque
2289 2556 2424 2620 cod„
2452 2560 2509 2608 et
2532 2553 2762 2623 Mysiam,
2858 2571 2859 2612 1

390 2659 554 2711 quam
590 2643 785 2694 Prusia
830 2657 926 2693 rex
973 2640 1271 2708 ademerat,
1309 2640 1556 2693 restituit
1600 2640 1717 2708 regi
1764 2645 1820 2692 et
1856 2640 2056 2709 Milyas
2093 2646 2151 2693 et
2187 2640 2763 2708 Lydiam-Ioniamque
2858 2633 2859 2640 ’

393 2730 471 2782 Μ.
509 2730 757 2794 Mueller,
807 2731 933 2795 fort.
972 2730 1028 2779 et
1075 2726 1311 2795 Mysiam
1357 2726 1428 2780 ad
1475 2726 1849 2796 Rhyndacum
1894 2726 2056 2779 sitam
2103 2733 2160 2779 et
2204 2727 2406 2794 Milyas
2469 2731 2527 2781 et
2570 2722 2761 2794 Lydiae

392 2814 691 2881 Ioniaeque
739 2817 809 2881 cf.
835 2817 1031 2882 ephem.
1068 2815 1255 2868 Austr.
1297 2818 1448 2870 1892.
1484 2815 1492 2878 Ι
1534 2812 1737 2881 oppida
1783 2817 1939 2866 extra
1985 2828 2051 2866 ea
2093 2815 2344 2883 Ruperti,
2388 2816 2620 2882 Madvig]
2653 2814 2682 2865 l.
2708 2810 2737 2863 l.
2748 2827 2764 2873 ,·
2858 2811 2859 2824 ¹

394 2904 550 2954 extra
575 2916 642 2953 ea
667 2899 870 2967 oppida
894 2900 964 2967 M,
990 2901 1188 2967 Aldus,
1225 2902 1305 2954 M.
1334 2902 1582 2968 Mueller,
1620 2903 1777 2952 extra
1801 2900 2004 2967 oppida
2027 2903 2118 2954 rel.
2147 2902 2259 2956 coel.
2288 2902 2374 2969 (B)
2398 2908 2447 2956 et
2470 2903 2550 2956 ed.
2568 2892 2758 2969 prior-l
2858 2883 2859 2892 ἵ

395 2990 473 3043 10.
515 2991 895 3055 oppugnatum
933 2990 1021 3039 est
1056 2988 1118 3053 B,
1154 2990 1466 3054 pugnatum
1513 2992 1662 3039 esset
1698 2988 1936 3055 Vossius,
1975 2988 2219 3056 Madvig).
2254 2988 2262 3052 Ι
2297 2990 2375 3043 11.
2424 2987 2495 3040 ad
2531 2983 2763 3054 Sipylum

392 3076 471 3129 ed.
497 3075 676 3128 Basil.
702 3076 837 3126 1531
848 3092 867 3136 ,-
912 3072 959 3124 Sc
998 3072 1273 3140 asypilum
1320 3073 1381 3140 B,
1420 3074 1534 3128 coel.
1561 3075 1824 3141 plerique,
1871 3075 1928 3125 et
1964 3071 2215 3141 Sipylum
2260 3073 2532 3143 (Sypilum
2570 3066 2765 3130 Pam.)
2858 3103 2859 3132 ;

392 3162 472 3215 ed.
491 3162 777 3229 antiquiss.
811 3165 820 3224 Ι
854 3162 933 3214 12.
961 3157 1209 3212 hidraela
1234 3160 1293 3213 B.
1329 3160 1337 3225 Ι
1370 3159 1680 3226 appelletur
1707 3161 1942 3215 Vossius.
1978 3163 1985 3222 Ι
2017 3159 2443 3226 Hydrelitanum
2468 3161 2546 3214 ed.
2568 3158 2763 3224 Gamp.‚·
2858 3183 2859 3196 κ

394 3246 832 3300 hidraeletanum
878 3247 939 3300 B.
975 3249 983 3312 Ι
1018 3249 1097 3302 13.
1146 3245 1217 3299 ad
1271 3247 1384 3302 cod.
1419 3247 1507 3314 (B)
1542 3253 1592 3300 et
1643 3248 1721 3301 ed.
1757 3253 1872 3314 vet„
1918 3248 1986 3314 cf.
2021 3245 2255 3316 Madvig]
2300 3249 2424 3301 Em.
2451 3249 2520 3301 L.
2558 3263 2615 3314 p.
2650 3244 2763 3298 536,-

392 3338 544 3386 trans
580 3334 650 3386 M.
684 3337 692 3400 Ι
726 3339 781 3387 ct
817 3332 1020 3401 oppida
1057 3334 1126 3401 M,
1164 3335 1346 3388 Aldus
1355 3354 1375 3400 ,·
1409 3352 1510 3388 om.
1538 3336 1630 3388 rel.
1658 3335 1772 3389 cod.
1808 3334 1896 3400 (B)
1935 3340 1984 3387 et
2019 3334 2094 3387 ed.
2123 3335 2299 3402 prior.
2333 3335 2342 3401 Ι
2377 3336 2456 3387 14.
2482 3331 2762 3385 telmesson
2858 3321 2859 3324 ’

393 3424 443 3476 h.
474 3423 506 3474 l.
533 3421 595 3473 B.
628 3423 636 3485 1
669 3420 933 3473 nominati
970 3421 1028 3473 B.
1063 3421 1072 3489 Ι
1108 3424 1187 3476 15.
1226 3419 1592 3473 Telmessium
1639 3424 2003 3488 praeter—et
2047 3424 2231 3473 castra
2266 3439 2365 3475 om.
2391 3420 2454 3473 B.
2487 3421 2495 3484 Ι
2530 3422 2608 3474 17.
2643 3410 2762 3468 iussi
2858 3445 2859 3490 3

395 3505 514 3559 dari
550 3509 683 3561 Lov.
710 3512 761 3575 2,
798 3505 936 3559 iussi
973 3507 1103 3560 dare
1143 3508 1279 3563 coni.
1308 3509 1698 3562 Drakenborch
1738 3510 1801 3561 in
1844 3509 1972 3561 adu.
2006 3509 2015 3573 Ι
2049 3509 2130 3562 18.
2169 3507 2217 3559 8z
2252 3522 2444 3575 agrum
2479 3499 2515 3574 (¹1
2548 3495 2760 3573 ptolmei
2858 3493 2859 3514 ³

394 3593 638 3646 telmessi
675 3592 736 3645 Β.
771 3597 779 3659 Ι
823 3596 903 3648 19.
950 3592 1039 3645 hic
1075 3594 1335 3662 Ruperti;
1379 3593 1518 3646 haec
1562 3595 1677 3649 cod.
1712 3593 1800 3661 (B)
1846 3599 1895 3648 et
1939 3595 2016 3649 ed.
2053 3600 2150 3647 vet.
2184 3594 2192 3658 Ι
2225 3593 2273 3646 8z
2317 3592 2501 3646 rhodis
2543 3591 2603 3644 B.
2635 3589 2643 3655 Ι
2680 3599 2759 3638 ex·
2858 3655 2859 3664 ἵ

393 3684 586 3747 ceptus
623 3681 886 3748 prertu
920 3682 1152 3746 excepta
1189 3681 1302 3735 cod.
1332 3687 1381 3734 et
1416 3681 1496 3734 eol.
1523 3686 1616 3734 vet.
1656 3678 1766 3748 (hic
1801 3679 1872 3733 ab
1910 3680 2157 3733 Eumene
2195 3684 2253 3733 et
2287 3678 2536 3745 Rhodiis,
2571 3674 2660 3728 illa
2693 3669 2756 3724 ab
2858 3695 2859 3734 γ

392 3764 630 3819 Rhodiis
668 3768 901 3833 excepta
936 3767 1067 3820 olim
1103 3767 1243 3821 coni.
1268 3767 1592 3835 Heusiuyer.
1627 3767 1636 3833 Ι
2858 3759 2859 3772 ’
