2925 4278
585 156 812 210 LIBER
848 155 1174 211 XXXVIII.
1214 156 1378 210 CAP.
1408 160 1489 212 11.
1522 160 1601 213 12.
1643 157 1711 225 [a.
1737 157 1803 211 U.
1831 172 1876 211 c.
1904 159 2045 226 565}
2390 143 2511 206 131

115 334 283 417 pisse
331 331 549 396 velint.
641 329 968 396 Oeniadae
1015 351 1157 395 cum
1217 330 1373 396 urbe
1436 329 1734 414 agrisque
1795 330 2199 395 Acarnanum
2261 338 2507 400 sunto.“

115 420 214 485 his
259 418 516 502 legibus
560 417 785 483 foedus
829 418 1020 482 ictum
1070 438 1214 481 cum
1258 417 1503 482 Aetolis
1548 423 1660 482 est.

327 505 479 569 XII.
525 503 768 568 Eadem
815 524 943 568 non
1005 510 1250 569 aestate
1311 504 1532 584 solum,
1598 503 1712 568 sed
1773 504 1963 568 etiam
2028 504 2255 569 iisdem
2316 528 2513 592 prope
2556 527 2581 573 1

117 591 370 670 diebus,
420 590 648 672 quibus
695 591 855 656 haec
900 611 941 655 a
984 592 1065 656 M.
1103 591 1326 656 Fulvio
1372 591 1629 655 consule
1685 591 1750 654 in
1796 592 2045 655 Aetolia
2102 600 2286 675 gesta
2346 601 2512 675 sunt,

57 689 85 735 ὁ
119 679 343 744 consul
388 678 551 742 alter
597 678 710 743 On.
747 677 1018 742 Manlius
1062 677 1128 741 in
1161 676 1600 760 Gallograecia
1628 678 1862 741 bellum
1893 678 2112 761 gessit,
2147 680 2315 761 quod
2347 701 2517 745 nunc

114 764 310 831 ordiri
357 784 641 848 pergam.
734 783 884 828 vere
929 765 1132 847 primo
1188 763 1513 847 Ephesum
1575 765 1793 829 consul
1854 765 2049 845 venit,
2110 768 2515 850 acceptisque
2555 790 2585 836 2

116 852 317 936 copiis
361 851 445 915 ab
492 851 563 914 L.
599 851 896 935 Scipione
943 858 1007 915 et
1053 850 1337 915 exercitu
1381 852 1644 916 lustrato
1692 850 2051 917 contionem
2081 853 2253 936 apud
2284 855 2516 919 milites

117 938 361 1019 habuit,
412 957 539 1020 qua
585 938 939 1003 collaudata
983 938 1216 1002 virtute
1271 957 1506 1016 eorum,
1570 937 1740 1019 quod
1810 958 1952 1002 cum
2014 939 2327 1004 Antiocho
2389 961 2515 1006 uno
2554 963 2585 1010 3

116 1024 359 1109 proelio
406 1023 852 1104 debellassent,
899 1022 1272 1090 adhortatus
1318 1043 1425 1089 eos
1472 1023 1564 1085 acl
1608 1044 1844 1088 novum
1892 1045 2034 1088 cum
2082 1025 2280 1091 Gallis
2327 1028 2516 1092 susci-

31 1120 86 1169 10
119 1110 426 1195 piendum
474 1110 727 1192 bellum,
777 1111 883 1193 qui
932 1117 994 1174 et
1039 1110 1294 1174 auxiliis
1340 1111 1651 1174 iuvissent
1697 1111 2079 1175 Antiochum
2124 1120 2187 1175 et
2231 1113 2393 1179 adeo
2424 1115 2513 1178 in·
2552 1136 2586 1182 4

121 1198 365 1263 domita
410 1197 720 1262 haberent
763 1197 1044 1281 ingenia,
1090 1204 1161 1261 ut
1205 1198 1593 1279 nequiquam
1647 1197 2000 1262 Antiochus
2056 1205 2301 1264 emotus
2355 1201 2519 1265 ultra

118 1286 273 1369 iuga
318 1284 513 1348 Tauri
560 1284 793 1349 montis
840 1291 1029 1364 esset,
1079 1284 1200 1347 nisi
1246 1284 1694 1367 frangerentur
1739 1304 1892 1367 opes
1935 1283 2275 1367 Gallorum,
2323 1286 2403 1351 de
2451 1308 2519 1352 se

122 1390 376 1454 quoque
432 1389 656 1454 pauca,
712 1390 831 1434 nec
892 1369 1058 1434 falsa
1117 1391 1238 1435 nec
1305 1370 1665 1449 immodica,
1728 1370 1979 1435 adiecit.
2073 1372 2223 1435 laeti
2287 1374 2518 1440 milites
2555 1394 2586 1440 5

122 1478 264 1522 cum
321 1456 640 1538 frequenti
694 1477 959 1522 assensu
1006 1458 1330 1521 consulem
1375 1456 1778 1537 audiverunt,
1828 1464 2073 1541 partem
2121 1458 2349 1522 virium
2393 1461 2518 1524 An-

36 1554 86 1600 15
122 1543 316 1608 tiochi
362 1542 560 1608 fuisse
607 1543 820 1609 Gallos
869 1543 1233 1624 credentes3
1304 1562 1456 1625 rege
1503 1549 1797 1627 superato
1845 1543 2083 1608 nullum
2130 1553 2518 1611 momentum

120 1632 186 1694 in
235 1630 387 1695 solis
432 1649 544 1714 per
601 1650 670 1695 se
716 1628 1039 1694 Gallorum
1102 1630 1299 1714 copiis
1359 1630 1512 1694 fore.
1606 1630 1936 1694 Eumenen
2004 1630 2177 1695 haud
2238 1633 2303 1696 in
2365 1639 2515 1697 tem·
2556 1656 2586 1701 o

120 1736 276 1801 pore
321 1716 548 1781 abesse
594 1755 680 1763 —
725 1719 965 1781 Romae
1010 1723 1145 1780 tum
1191 1722 1328 1780 erat
1375 1754 1454 1762 ——
1504 1715 1760 1781 credere
1807 1718 2044 1797 consul,
2106 1739 2375 1802 gnarum
2439 1721 2520 1785 lo-

124 1824 336 1869 corum
392 1802 865 1885 hominumque,
941 1809 1004 1867 et
1073 1804 1248 1867 cuius
1309 1804 1644 1868 interesset
1703 1802 1913 1887 frangi
1961 1804 2283 1869 Gallorum
2343 1827 2516 1891 opes.

122 1890 409 1954 Attalum
454 1890 648 1973 igitur
692 1889 951 1954 fratrem
998 1890 1134 1954 eius
1179 1891 1446 1955 accersit
1490 1911 1530 1954 a
1577 1891 1907 1973 PergamO,
1971 1891 2381 1974 hortatusque
2437 1893 2519 1956 ad
2560 1919 2588 1966 7

35 1985 91 2034 20
125 1976 590 2061 capessendum
635 1995 850 2041 secum
895 1977 1130 2041 bellum
1178 1977 1580 2060 pollicentem
1627 1997 1807 2041 suam
1838 1997 2217 2059 suorumque
2262 1999 2521 2061 operam

125 2063 385 2129 domum
430 2062 513 2126 ad
546 2061 1038 2147 comparandum
1086 2063 1363 2127 dimittit,
1456 2083 1694 2148 paucos
1739 2070 1882 2147 post
1928 2063 2065 2128 dies
2109 2063 2393 2148 profecto
2439 2067 2519 2130 ab
2560 2093 2591 2139 3

125 2151 381 2234 Epheso
429 2151 670 2215 consuli
717 2150 799 2215 ad
845 2151 1240 2235 Magnesiam
1286 2151 1555 2216 occurrit
1600 2151 1848 2214 Attalus
1895 2171 2037 2214 cum
2084 2152 2252 2216 mille
2298 2152 2523 2235 pediti-

125 2239 266 2318 buS,
314 2237 632 2319 equitibus
678 2238 1062 2320 quingentis,
1113 2237 1443 2301 Athenaeo
1490 2236 1685 2300 fratre
1731 2237 1901 2301 iusso
1949 2257 2089 2300 cum
2138 2239 2364 2304 ceteris
2429 2259 2524 2304 co-

124 2324 250 2409 piis
295 2324 615 2405 subsequi,
666 2323 1109 2388 commendata
1153 2324 1231 2387 iis
1278 2323 1565 2389 custodia
1611 2324 1924 2406 Pergami,
1990 2344 2146 2405 quos
2208 2325 2386 2389 fratri
2432 2346 2523 2390 re-

40 2418 93 2466 25
126 2431 385 2495 gnoque
430 2409 591 2474 fidos
637 2411 953 2475 credebat.
1049 2410 1267 2474 consul
1325 2409 1680 2475 collaudato
1742 2410 1974 2473 iuvene
2030 2430 2172 2474 cum
2227 2412 2522 2477 omnibus
2560 2442 2590 2487 9

133 2497 334 2581 copiis
378 2495 463 2560 ad
508 2496 919 2560 Maeandrum
965 2516 1334 2580 progressus
1383 2503 1590 2560 castra
1636 2497 1866 2578 posuit,
1924 2496 2071 2577 quia
2124 2496 2288 2560 vado
2345 2518 2523 2580 supe-

130 2584 259 2648 rari
304 2582 512 2647 amnis
565 2604 692 2648 non
737 2589 986 2667 poterat
1046 2590 1111 2647 et
1170 2581 1642 2646 contrahendae
1703 2602 1902 2647 naves
1966 2589 2145 2646 erant
2203 2583 2288 2647 ad
2349 2604 2524 2648 exer-

130 2880 255 2918 cum
290 2862 433 2917 urbe
470 2861 728 2931 agrisque
769 2864 1032 2930 „antiqua
1069 2863 1253 2917 leeti0“
1287 2861 1468 2916 Gelen.
1495 2861 1569 2927 (M
1580 2861 1646 2928 ‘?),
1684 2863 1763 2915 ed.
1789 2863 1967 2916 Basil.
1996 2866 2133 2917 1535
2142 2883 2161 2929 ,·
2194 2863 2530 2931 recepissent

129 2951 222 3004 uel
257 2949 315 3003 in
351 2947 557 3003 aetolia
593 2966 628 3000 x
663 2947 831 3001 urbes
869 2962 1145 3015 agrosque
1181 2948 1226 3001 Β
1263 2954 1312 3002 et
1346 2949 1461 3003 eocl.
1489 2965 1590 3003 ree.
1610 2950 1872 3018 plerique.
1907 2950 1914 3013 Ι
1946 2951 1993 3003 3.
2021 2964 2191 3017 prope
2215 2949 2286 3016 M,
2324 2952 2503 3006 Aldus
2514 2970 2532 3016 ;

130 3056 234 3092 om.
260 3039 353 3092 rel.
383 3037 499 3091 cod.
526 3035 613 3102 (Β)
649 3041 698 3088 et
730 3035 807 3088 ed.
830 3036 1004 3102 prior.
1041 3035 1049 3100 Ι
1081 3038 1128 3089 9.
1168 3033 1239 3087 ad
1276 3036 1356 3088 ed.
1383 3035 1562 3088 Basil.
1591 3039 1726 3088 1531
1737 3055 1756 3102 ;
1790 3036 1856 3087 cu
1889 3035 1950 3102 Β,
1978 3053 2079 3089 om.
2104 3038 2196 3089 rel.
2224 3038 2337 3092 eod.
2365 3043 2412 3090 et
2449 3038 2528 3090 ed.

124 3125 302 3193 prior.
337 3127 346 3188 Ι
381 3126 462 3178 10.
500 3119 718 3174 auxiliis
755 3119 825 3188 M,
864 3121 1074 3188 Aldus;
1120 3120 1328 3174 auxilio
1363 3123 1456 3175 rel.
1485 3123 1601 3176 cod.
1627 3121 1713 3187 (B)
1752 3128 1801 3175 et
1837 3123 1916 3175 eol.
1936 3124 2111 3189 prior.
2147 3127 2153 3182 Ι
2185 3122 2327 3176 adeo
2355 3124 2528 3191 pauci

136 3212 252 3267 cod.
277 3227 379 3266 rec.
408 3215 458 3263 et
493 3210 573 3262 ecl.
598 3214 693 3262 vet.
721 3225 929 3269 omnes‚·
976 3213 1105 3260 ante
1152 3208 1268 3263 cod.
1287 3209 1535 3277 plerique
1573 3208 1674 3275 (B),
1713 3213 1826 3260 tam
1871 3209 2008 3264 coni.
2040 3210 2415 3264 Weissenborn
2451 3210 2529 3262 ed.

139 3300 339 3352 Teubn.
371 3314 432 3365 p.
457 3295 665 3349 XXII.
701 3296 708 3361 Ι
745 3296 823 3348 11.
864 3298 1112 3348 semotus
1149 3294 1210 3361 Β,
1249 3297 1468 3348 amotus
1503 3293 1573 3347 M.
1609 3296 1615 3357 Ι
1652 3296 1732 3349 13.
1771 3309 1949 3361 pauca
1991 3294 2061 3362 M,
2099 3296 2380 3364 Moyunt.;
2427 3312 2529 3350 om.

132 3384 225 3438 rel.
251 3384 368 3438 cod.
398 3381 485 3449 (B)
511 3388 559 3435 et
594 3382 674 3435 ecl.
692 3383 869 3449 prior.
905 3383 913 3446 Ι
945 3380 1128 3433 adicit.
1169 3380 1299 3434 laeti
1335 3382 1713 3436 Weissenborn
1750 3383 1779 3435 l.
1814 3383 1865 3449 l.,
1902 3380 2063 3434 acciti
2096 3381 2167 3434 M.
2201 3386 2208 3446 Ι
2244 3384 2324 3436 14.
2351 3381 2535 3435 audie-

131 3475 260 3523 runt
296 3470 481 3535 Harl„
520 3466 774 3521 adierunt
809 3468 878 3521 M.
914 3473 921 3531 Ι
957 3471 1038 3524 18.
1076 3468 1124 3520 &
1162 3469 1228 3521 cu
1265 3467 1352 3521 ius
1389 3468 1536 3521 inter
1568 3469 1604 3520 ὃ
1639 3467 1822 3536 frangi
1857 3468 1918 3521 B.
1953 3472 1960 3534 Ι
1992 3472 2074 3524 21.
2113 3468 2185 3522 ab
2219 3469 2438 3536 Epheso
2464 3470 2531 3538 M,

131 3557 405 3626 Moqwnt„
443 3555 649 3616 Aldus,·
687 3553 893 3622 epheso
930 3556 1045 3610 eod.
1065 3557 1312 3624 plerique
1347 3554 1435 3622 (B)
1473 3562 1522 3609 et
1557 3556 1636 3609 ed.
1664 3557 1948 3624 antiquiss.
1983 3560 1990 3617 Ι
2022 3558 2105 3610 23.
2145 3555 2536 3624 equitibusque

134 3639 456 3711 quingentis
493 3641 564 3707 M,
612 3639 891 3707 equitibus
935 3640 997 3707 B,
1045 3639 1436 3708 equitibusque
1484 3643 1601 3696 coel.
1628 3659 1730 3696 ree.
1754 3643 2011 3709 plerique,
2050 3641 2439 3711 equitibusque
2477 3662 2537 3695 cc

135 3731 319 3797 Harl„
360 3726 640 3796 equitibus
667 3744 729 3778 cc
754 3728 834 3781 ed.
861 3734 955 3782 vet.
990 3728 998 3794 Ι
1030 3726 1233 3781 athene
1269 3726 1439 3781 fratre
1478 3727 1598 3781 eius
1636 3728 1789 3782 iusso
1825 3726 1889 3781 B.
1922 3731 1930 3794 Ι
1961 3730 2044 3782 24.
2083 3727 2169 3782 his
2206 3729 2269 3783 B.
2304 3733 2311 3796 Ι
2342 3745 2538 3798 regno-

136 3830 246 3884 que
295 3814 417 3868 eius
455 3808 597 3868 fidos
633 3813 695 3866 B.
728 3813 737 3879 Ι
768 3815 852 3867 26.
891 3828 1002 3881 qua
1040 3813 1186 3867 uado
1223 3814 1284 3868 Β.
1318 3819 1326 3881 Ι

2158 3903 2223 3952 9*
