2925 4278
554 159 774 212 LIBER
810 158 1108 213 XXXVII.
1147 158 1313 211 CAP.
1345 162 1535 214 10.11.
1577 158 1648 225 [a.
1678 158 1742 213 U.
1770 173 1813 211 ο.
1842 158 1986 225 5641
2378 136 2457 203 61

110 336 289 393 13111111
334 331 450 395 sibi
493 331 869 413 proditorem
913 337 1087 395 ratus
1134 337 1262 395 est:
1310 350 1518 413 neque
1565 330 1733 393 enim
1781 350 1944 409 eum,
1994 329 2101 409 qui
2148 331 2264 392 sub
2312 348 2462 411 rege

108 417 340 496 viveret,
401 418 874 482 commissurum
933 417 1149 496 fuisse,
1214 424 1283 480 ut
1341 416 1650 481 adversus
1711 422 1911 480 semet
1971 415 2176 498 ipsum
2224 414 2463 479 indicia

107 522 273 565 manu
316 523 426 567 sua
471 510 700 568 testata
745 504 943 568 daret.
1035 503 1186 567 inde
1230 502 1390 566 ratio
1437 502 1768 566 simulatae
1800 500 2171 585 proditionis
2217 521 2460 584 compo-

105 588 221 652 sita.
309 589 586 653 omnium
633 610 701 654 se
753 610 963 654 rerum
1006 594 1383 673 apparatum
1446 588 1822 653 omissurum
1885 586 2314 669 Polyxenidas
2376 587 2461 650 di-

50 694 74 739 5
106 693 256 758 cere3
302 694 427 738 non
473 676 798 758 remigem,
865 696 994 740 non
1056 675 1258 739 socios
1318 675 1582 739 navales
1626 673 1711 737 ad
1773 674 2039 737 classem
2098 672 2462 753 frequentes

102 758 466 845 habiturum;
532 762 985 826 subducturum
1050 781 1164 845 per
1232 761 1696 825 simulationem
1763 758 2087 824 reficiendi
2154 758 2460 840 quasdam

100 866 289 926 naves,
332 847 496 912 alias
543 848 608 911 in
654 848 1040 932 propinquos
1086 854 1304 931 portus
1349 846 1781 930 dimissurum3
1845 865 2084 929 paucas
2129 850 2280 908 ante
2327 865 2461 928 por-

101 937 210 994 tum
251 933 486 1015 Ephesi
534 934 601 999 in
647 935 776 998 salo
824 934 1205 1013 habiturum,
1257 952 1433 1014 quas,
1484 934 1535 997 si
1585 933 1762 996 exire
1806 952 1907 996 res
1939 937 2212 1014 cogeret,
2260 931 2462 995 obiec-

99 1024 247 1083 turus
289 1019 623 1083 certamini
667 1020 845 1085 foret.
931 1040 1118 1102 quam
1150 1019 1621 1102 neglegentiam
1661 1018 2123 1101 Polyxenidam
2165 1018 2232 1081 in
2265 1017 2464 1082 classe

41 1122 74 1168 1ο
102 1122 194 1166 3113
235 1104 598 1170 habiturum
642 1107 1070 1171 Pausistratus
1113 1105 1378 1185 audivit,
1437 1125 1579 1169 eam
1639 1105 1778 1188 ipse
1839 1103 2157 1187 extemplo
2219 1104 2460 1167 habuit.

99 1197 311 1271 partem
358 1193 625 1256 navium
671 1192 755 1256 ad
787 1198 1174 1257 commeatus
1203 1191 1619 1256 accersendos
1651 1190 2187 1268 Halicarnassum,
2220 1197 2464 1272 partem

99 1275 323 1341 Samum
369 1278 455 1342 ad
502 1280 723 1343 urbem
769 1279 957 1359 misit,
1004 1280 1144 1362 ipse
1191 1278 1281 1339 ad
1328 1278 1769 1339 Panhormum
1812 1277 2072 1358 mansit,
2104 1281 2174 1338 ut
2204 1281 2464 1358 paratus

99 1369 252 1445 esset,
299 1384 446 1428 cum
495 1365 747 1448 signum
793 1363 1211 1447 aggrediendi
1265 1384 1305 1427 a
1357 1362 1675 1447 proditore
1732 1362 2102 1445 accepisset.
2194 1361 2462 1442 Polyxe-

97 1448 253 1513 nidas
295 1470 540 1534 augere
586 1449 943 1515 simulando
989 1470 1289 1514 errorem:
1338 1449 1635 1514 subducit
1681 1447 1986 1529 quasdam
2032 1467 2251 1526 naves,
2306 1446 2463 1510 alias

47 1549 70 1596 5
96 1535 241 1599 velut
285 1536 715 1601 subducturus
760 1543 947 1616 esset,
995 1536 1251 1599 navalia
1294 1536 1536 1617 reficit3
1591 1534 1863 1618 remiges
1909 1553 1992 1597 ex
2022 1533 2306 1597 hibernis
2338 1553 2465 1597 non

96 1618 389 1703 Ephesum
440 1623 728 1702 accersit,
777 1622 890 1687 sed
935 1622 1331 1705 Magnesiam
1377 1621 1621 1687 occulte
1667 1620 1850 1703 cogit.
1942 1620 2060 1685 XI.
2107 1620 2296 1683 Forte
2337 1618 2466 1700 qui-

98 1703 219 1770 dam
259 1708 566 1773 Antiochi
627 1708 827 1788 miles,
886 1728 1028 1772 cum
1092 1709 1352 1773 Samum
1411 1708 1504 1771 rei
1564 1707 1852 1790 privatae
1914 1726 2105 1770 causa
2164 1705 2463 1783 venisset,

97 1810 186 1871 pro
227 1795 626 1877 speculatore
687 1794 1119 1878 deprehensus
1179 1793 1512 1858 deducitur
1570 1792 1996 1857 Panhormum
2057 1790 2142 1855 ad
2185 1790 2467 1874 praefec-

98 1883 221 1942 tum.
310 1882 364 1946 is
411 1881 872 1964 percunctanti,
920 1880 1071 1961 quid
1118 1880 1357 1964 Ephesi
1402 1886 1717 1963 ageretur,
1779 1879 2089 1942 incertum
2151 1883 2322 1940 metu
2377 1896 2459 1939 an

41 1975 74 2023 20
101 1981 226 2046 erga
267 1986 417 2032 suos
467 1966 640 2030 haud
685 1967 931 2030 sincera
989 1965 1134 2046 fide,
1195 1966 1408 2030 omnia
1465 1966 1703 2048 aperit:
1766 1965 2032 2028 classem
2094 1963 2465 2027 instructam

99 2058 486 2134 paratamque
533 2053 599 2115 in
644 2059 827 2135 portu
873 2058 1074 2136 stare;
1133 2052 1469 2134 remigium
1530 2071 1716 2115 omne
1761 2050 2155 2133 Magnesiam
2212 2047 2316 2134 [ad
2376 2047 2466 2111 Si-

98 2136 308 2225 pylum]
359 2138 663 2222 missum3
710 2159 1062 2223 perpaucas
1108 2159 1307 2204 naves
1354 2137 1698 2204 subductas
1754 2157 1892 2201 esse
1940 2143 2002 2199 et
2062 2134 2317 2199 navalia
2362 2133 2466 2199 de-

99 2223 232 2307 tegi3
278 2245 629 2306 numquam
674 2225 980 2289 intentius
1025 2245 1158 2289 rem
1190 2225 1485 2289 navalem
1515 2223 2024 2287 administratam
2056 2242 2214 2286 esse.
2306 2221 2468 2284 haec

101 2324 164 2370 ne
202 2331 309 2392 pro
365 2312 541 2376 veris
594 2311 979 2391 audirentur,
1036 2311 1286 2375 animus
1347 2330 1556 2376 errore
1617 2317 1680 2374 et
1740 2328 1853 2392 spe
1913 2329 2083 2373 vana
2135 2326 2467 2390 praeoccu-

41 2404 74 2453 15
100 2401 259 2473 patus
301 2398 478 2462 fecit.
570 2396 1004 2479 Polyxenidas
1050 2397 1204 2461 satis
1250 2397 1542 2462 omnibus
1575 2394 1971 2478 comparatis,
2013 2401 2197 2458 nocte
2229 2392 2468 2474 remige

100 2496 132 2540 a
168 2480 500 2568 Magnesia
543 2484 870 2563 accersito,
917 2481 1333 2563 deductisque
1378 2482 1629 2566 raptim,
1678 2501 1841 2562 quae
1886 2479 2234 2544 subductae
2267 2483 2466 2557 erant,

102 2568 373 2649 navibus,
423 2589 566 2633 cum
611 2569 779 2633 diem
825 2589 953 2633 non
1000 2575 1129 2632 tam
1174 2575 1485 2653 apparatu
1531 2566 2007 2652 absumpsisset,
2056 2584 2244 2646 quam
2300 2562 2469 2645 quod

281 2764 332 2815 1.
383 2774 510 2811 eum
553 2777 656 2815 om.
683 2758 743 2812 B.
786 2759 794 2827 Ι
835 2761 883 2813 5.
930 2757 1145 2811 naualis
1190 2759 1252 2811 B.
1294 2759 1302 2822 1
1342 2755 1649 2824 frequentis
1694 2755 1758 2808 B.
1800 2756 1807 2822 Ι
1852 2758 1931 2809 11.
1978 2751 2356 2807 halicarnassi}
2400 2752 2470 2807 cu

100 2844 234 2905 parte
266 2846 334 2912 B,
381 2844 832 2898 Halicarnassum
876 2859 1001 2896 cum
1040 2864 1111 2894 *ει
1149 2847 1365 2911 partem
1410 2843 1788 2897 Weissenborn
1830 2842 1911 2895 ed.
1950 2842 2147 2894 Teubn.
2181 2840 2189 2906 Ι
2224 2842 2305 2894 12.
2351 2840 2471 2906 ipse

101 2927 158 2980 ad
194 2931 563 2986 Panhormum
607 2930 813 2983 mansit
856 2931 983 2984 add.
1012 2932 1092 2984 M.
1130 2931 1366 2984 Mueller
1409 2931 1442 2982 l.
1483 2947 1525 2983 c.
1554 2947 1615 2997 p.
1654 2933 1738 2993 11,
1776 2931 1843 2995 cf.
1881 2929 1959 2981 H.
1985 2929 2033 2981 I.
2061 2929 2297 2981 Mueller
2339 2943 2470 2980 ann.

101 3013 257 3073 Berol.
285 3022 426 3073 1889
453 3036 513 3088 p.
541 3021 626 3084 25,
664 3022 800 3071 1891
832 3034 892 3085 p.
918 3021 1025 3070 167
1060 3023 1107 3071 et
1153 3034 1289 3085 quae
1335 3017 1456 3071 dixi
1494 3017 1636 3070 Berl.
1658 3017 2026 3070 Wochenschr.
2053 3018 2189 3067 1891
2219 3031 2279 3081 p.
2306 3017 2473 3078 1038,·

99 3096 198 3166 ipse
229 3103 490 3158 Panormi
536 3102 789 3156 substitit
823 3104 951 3157 add.
996 3102 1222 3171 Crevier,
1261 3104 1510 3170 Μαάυἱρ,
1549 3103 1733 3169 Hertz,
1767 3100 1886 3167 ipse
1924 3115 2047 3152 cum
2084 3098 2307 3165 reliquis
2343 3096 2471 3151 sub-

102 3188 221 3243 stitit
260 3193 641 3247 Weissenborn
688 3192 769 3245 ed.
798 3191 1024 3245 Weidm.
1064 3207 1123 3258 p.
1162 3193 1267 3243 175
1311 3191 1439 3243 adn.
1483 3194 1491 3253 1
1531 3192 1614 3243 21.
1661 3188 1717 3240 111
1770 3186 1934 3254 portu
1977 3185 2040 3238 B.
2082 3187 2090 3253 Ι
2131 3184 2471 3252 Magnesiam

103 3273 305 3330 missum
349 3265 588 3344 Creoier3
623 3275 962 3343 magnesiam
999 3274 1070 3328 ad
1107 3276 1350 3343 sipylum
1387 3273 1652 3344 (sypilum
1676 3274 1743 3340 B)
1778 3273 2005 3325 missum
2042 3272 2158 3326 cod.
2193 3270 2281 3338 (B)
2305 3277 2354 3324 et
2389 3271 2468 3324 ed.

103 3367 196 3428 vet„
240 3364 581 3433 magnesiam
628 3362 857 3415 missum
903 3361 975 3414 ad
1020 3361 1259 3428 sipulum
1306 3362 1376 3429 M,
1414 3362 1684 3429 Moyunt„
1729 3357 2069 3426 Magnesiam
2115 3371 2180 3408 ac
2217 3354 2471 3424 Sipylum

104 3446 306 3502 missum
351 3451 493 3506 coni.
529 3449 848 3504 Douiatius.
881 3449 890 3514 1
922 3451 1005 3502 22.
1042 3447 1232 3515 detegi
1264 3448 1666 3510 Weissenborn,·
1709 3443 1829 3511 tegi
1873 3444 1985 3499 cod.
2024 3442 2113 3510 (B)
2147 3448 2197 3496 et
2237 3443 2318 3496 ed.
2356 3448 2471 3510 vet„

105 3534 201 3600 regi
233 3537 483 3592 nonnull.
511 3537 624 3590 cod.
651 3552 752 3589 ree.
779 3535 1001 3602 (Voss),
1038 3528 1193 3586 refici
1238 3535 1376 3588 coni.
1402 3533 1792 3587 Drakenborch
1836 3532 1898 3584 in
1943 3531 2071 3584 adn.
2104 3531 2112 3594 Ι
2143 3532 2227 3583 27.
2265 3532 2380 3581 13111
2414 3526 2472 3580 111

105 3629 348 3686 apparatu
386 3623 467 3677 ed.
494 3623 720 3676 Mediol.
746 3624 901 3688 1505,
928 3621 1176 3689 Madviq,
1213 3621 1306 3674 sed
1342 3621 1411 3688 cf.
1441 3620 1817 3674 Weissenborn
1852 3618 1932 3671 ed.
1953 3616 2179 3671 Weidm.
2204 3632 2259 3683 p.
2284 3618 2388 3668 175
2423 3619 2473 3667 et

105 3701 169 3756 M-
198 3710 432 3763 Mueller
466 3725 656 3777 proyr.
695 3707 939 3762 Stendal.
967 3710 1107 3759 1888
1148 3723 1201 3774 p.
1227 3709 1310 3759 12.
1343 3705 1351 3771 Ι
1383 3703 1774 3771 assumpsisset
1806 3702 1854 3754 B
1900 3708 1949 3757 et
1993 3703 2202 3756 nonull.
2230 3701 2343 3756 cod.
2368 3716 2473 3755 rec.

109 3788 306 3859 (Voss).
340 3798 349 3860 Ι

2503 769 2572 817 10

2505 1029 2565 1074 11

2504 1370 2570 1417 12

2534 1895 2573 2028 ΦΨ
