2925 4278
309 172 322 183 .
392 119 517 182 104
866 138 1090 192 LIBER
1128 139 1419 193 xxxvu.
1456 139 1621 193 CAP.
1649 143 1732 195 48.
1758 143 1841 195 49.
1883 142 1949 208 [a.
1977 140 2042 195 U.
2069 157 2113 194 ο.
2141 142 2283 210 564].

389 334 509 395 que
557 334 769 380 eorum
816 315 881 378 in
929 314 1366 379 Macedoniam
1412 321 1476 379 et
1519 315 1585 378 in
1632 314 1966 381 Dardanos
2027 323 2090 379 et
2133 317 2200 379 in
2257 316 2631 380 Thraeciam
2682 315 2756 378 ad

319 409 350 455 5
389 400 804 487 conducenda
847 403 1150 466 mercede⁴
1182 402 1422 465 auxilia
1469 402 1799 485 profectos.
1892 402 2051 466 haec
2103 403 2211 484 qui
2256 404 2624 467 nuntiarent
2652 405 2757 468 Ro-

389 508 578 567 mam,
626 488 701 552 A.
734 489 1100 552 Terentium
1148 490 1496 554 Varronem
1558 495 1620 553 et
1679 489 1758 552 M.
1796 489 2128 554 Claudium
2189 489 2502 572 Lepidum
2566 491 2645 554 ab
2690 490 2756 552 A.

321 581 351 629 6
392 574 680 640 Cornelio
742 572 1143 659 propraetore
1208 596 1289 639 ex
1348 576 1600 640 Aetolia
1659 576 1883 641 missos
1944 597 2102 641 esse.
2197 577 2480 641 subtexit
2542 575 2762 640 deinde

388 661 641 726 fabulae
687 661 834 725 huic
877 663 1122 744 legatos
1167 662 1424 726 Aetolos
1469 663 1534 725 in
1582 670 1803 727 senatu
1866 663 2029 727 inter
2090 669 2297 728 cetera
2356 663 2478 728 hoc
2525 682 2763 744 quoque
2819 679 2840 725 5

389 748 807 830 interrogatos
854 769 1012 828 esse,
1059 748 1228 813 unde
1273 749 1601 813 audissent
1658 749 2070 833 imperatores
2114 751 2430 814 Romanos
2492 750 2569 813 in
2623 749 2767 812 Asia

322 842 350 890 7
391 843 608 918 captos
653 836 733 900 ab
781 835 1092 899 Antiocho
1138 855 1289 917 rege
1335 843 1398 899 et
1444 836 1790 900 exercitum
1837 835 2112 900 deletum
2160 857 2334 920 esse3
2383 838 2644 900 Aetolos
2684 856 2765 899 re-

390 920 720 1004 spondisse
767 922 849 986 ab
897 922 1028 986 suis
1072 922 1300 1005 legatis
1346 942 1433 1003 se,
1483 923 1592 1003 qui
1653 943 1793 987 cum
1859 923 2138 994 consule.
2162 922 2413 1002 fuerint,
2482 924 2767 987 certiores

387 1007 606 1073 factos.
699 1009 964 1073 rumoris
1009 1009 1195 1073 huius
1241 1009 1391 1090 quia
1433 1010 1751 1073 neminem
1797 1009 1988 1073 alium
2035 1017 2353 1075 auctorem
2402 1010 2630 1088 habeo,
2675 1029 2767 1072 ne·

392 1113 513 1176 que
569 1094 886 1159 affirmata
928 1116 1030 1160 res
1076 1116 1219 1159 mea
1264 1096 1561 1178 opinione
1608 1097 1688 1160 sit
1735 1117 1856 1160 nec
1916 1118 2027 1179 pro
2075 1117 2244 1160 vana
2308 1097 2762 1180 praetermissa.
2798 1110 2841 1155 10

325 1190 351 1236 1
596 1183 829 1246 XLIX.
878 1183 1087 1246 Aetoli
1131 1182 1325 1265 legati
1385 1182 1449 1245 in
1515 1188 1804 1246 senatum
1849 1182 2208 1263 introducti,
2272 1204 2413 1248 cum
2462 1192 2528 1248 et
2589 1201 2767 1246 causa

390 1288 497 1333 eos
542 1288 659 1332 sua
705 1276 767 1333 et
812 1270 1063 1333 fortuna
1109 1269 1485 1348 hortaretur,
1527 1277 1598 1333 ut
1642 1268 1999 1334 confitendo
2061 1290 2171 1334 seu
2233 1270 2457 1353 culpae
2521 1290 2633 1334 seu
2691 1288 2766 1332 er-

303 1365 351 1409 -2
387 1355 513 1420 rori
559 1356 811 1420 veniam
860 1357 1529 1440 supplices-peterent,
1577 1356 1699 1420 orsi
1745 1377 1785 1420 a
1830 1357 2156 1422 beneficiis
2202 1357 2266 1420 in
2314 1357 2621 1440 populum
2665 1356 2765 1418 Ro-

389 1462 646 1505 manum
695 1451 757 1506 et
801 1463 998 1526 prope
1059 1445 1520 1526 exprobrantes
1580 1443 1875 1507 virtutem
1937 1464 2116 1507 suam
2176 1444 2243 1507 in
2289 1444 2572 1527 Philippi
2618 1441 2764 1506 bello

321 1537 351 1584 3
391 1536 455 1591 et
500 1528 901 1593 offenderunt
946 1550 1130 1594 aures
1175 1530 1513 1594 insolentia
1559 1530 1865 1594 sermonis
1911 1537 1974 1593 et
2020 1533 2115 1607 ee,
2160 1537 2379 1594 vetera
2425 1537 2492 1594 et
2541 1529 2838 1594 oblitte-15

357 1623 542 1683 rata
570 1615 936 1699 repetendo,
986 1637 1118 1680 rem
1165 1614 1587 1695 adduxerunt,
1635 1623 1705 1679 ut
1749 1615 1920 1679 haud
1966 1616 2154 1699 paulo
2214 1617 2489 1699 plurium
2553 1612 2763 1679 malefi-

391 1701 626 1766 ciorum
671 1703 881 1785 gentis
913 1723 1101 1783 quam
1135 1703 1583 1767 beneficiorum
1616 1704 1918 1767 memoria
1951 1704 2186 1768 subiret
2218 1704 2466 1768 animos
2510 1711 2761 1786 patrum,

322 1797 355 1843 4
395 1794 458 1851 et
503 1788 732 1869 quibus
776 1789 1207 1854 misericordia
1252 1810 1409 1872 opus
1456 1796 1610 1866 erat,
1657 1789 1815 1852 iram
1863 1797 1925 1853 et
1984 1790 2198 1854 odium
2257 1790 2602 1854 irritarent.
2687 1788 2759 1849 in-

391 1875 692 1958 terrogati
736 1877 817 1940 ab
865 1897 991 1940 uno
1038 1882 1347 1956 senatore,
1395 1876 1918 1958 permitterentne
1963 1877 2291 1941 arbitrium
2334 1876 2413 1941 de
2450 1897 2522 1941 se
2557 1872 2757 1959 populo

389 1962 698 2041 Romano,
745 1961 977 2027 deinde
1023 1964 1103 2027 ab
1151 1963 1367 2041 altero,
1415 1962 1775 2026 habiturine
1822 1962 2078 2028 eosdem
2127 1983 2284 2044 quos
2343 1964 2623 2046 populus
2666 1961 2824 2023 Ro·20

392 2069 619 2113 manus
666 2050 867 2114 socios
914 2056 977 2114 et
1022 2049 1236 2115 hostes
1283 2057 1514 2128 essent,
1563 2049 1721 2113 nihil
1779 2048 1864 2112 ad
1925 2070 2001 2113 ea
2046 2049 2510 2133 respondentes
2568 2042 2751 2131 egredi

322 2148 352 2193 5
392 2135 627 2219 templo
671 2136 823 2202 iussi
870 2144 1033 2202 sunt.
1127 2136 1586 2202 conclamatum
1636 2135 1865 2202 deinde
1927 2157 2122 2221 prope
2182 2137 2264 2202 ab
2327 2139 2630 2203 universo
2687 2150 2753 2196 se·

391 2231 546 2287 natu
592 2231 688 2288 est
733 2231 897 2289 totos
942 2224 1150 2288 adhuc
1195 2224 1493 2288 Antiochi
1539 2224 1796 2288 Aetolos
1842 2244 1980 2288 esse
2042 2232 2106 2288 et
2151 2245 2232 2288 ex
2279 2224 2468 2288 unica
2532 2244 2611 2287 ea
2668 2237 2759 2302 spe

390 2309 669 2393 pendere
714 2312 959 2376 animos
1006 2332 1240 2376 eorum.
1333 2312 1547 2392 itaque
1608 2310 1842 2374 bellum
1904 2331 2044 2374 cum
2108 2309 2280 2373 haud
2327 2310 2542 2376 dubiis
2599 2303 2762 2372 hosti·
2886 2393 2887 2396 Ἴ

324 2408 353 2455 6
392 2399 510 2461 bus
555 2397 901 2480 gerendum
949 2396 1539 2480 perdomandosque
1585 2396 1826 2462 feroces
1872 2398 2117 2461 animos
2165 2417 2322 2461 esse.
2415 2397 2526 2462 illa
2591 2393 2762 2459 etiam
2789 2397 2836 2446 25
2886 2415 2887 2446 1

390 2504 491 2548 res
535 2484 845 2564 accendit,
893 2484 1061 2566 quod
1109 2505 1183 2548 eo
1230 2485 1367 2567 ipso
1415 2491 1714 2567 tempore,
1765 2504 1886 2564 quo
1941 2503 2163 2567 pacem
2210 2485 2292 2547 ab
2325 2484 2632 2549 Romanis
2675 2492 2766 2561 'pe-

324 2582 351 2628 7
392 2571 629 2650 tebant,
678 2572 987 2654 Dolopiae
1032 2578 1222 2651 atque
1271 2570 1693 2634 Athamaniae
1756 2570 1988 2633 bellum
2049 2571 2426 2648 inferebant.
2523 2573 2764 2634 senatus

394 2659 745 2721 consultum
800 2658 866 2720 in
925 2658 1026 2721 M‘.
1071 2658 1256 2721 Acilii
1303 2657 1717 2736 sententiam,
1789 2657 1893 2737 qui
1958 2656 2338 2721 Antiochum
2396 2657 2765 2733 Aetolosque
2876 2729 2879 2734 ⁴

393 2741 735 2823 devicerat,
784 2743 1020 2808 factum
1066 2753 1179 2823 est,
1241 2751 1310 2807 ut
1358 2744 1564 2808 Aetoli
1625 2764 1699 2808 eo
1765 2742 1869 2807 die
1914 2743 2279 2808 iuberentur
2337 2741 2649 2827 proficisci
2691 2735 2762 2800 ab

325 2842 357 2889 8
397 2831 552 2894 urbe
599 2837 663 2893 et
706 2830 871 2893 intra
916 2832 1202 2912 quintum
1248 2830 1561 2895 decimum
1594 2829 1763 2893 diem
1794 2830 1981 2893 Italia
2013 2830 2340 2894 excedere.
2432 2832 2509 2894 A.
2553 2830 2766 2892 Teren·
2796 2827 2843 2875 30

401 2917 525 2981 tius
572 2917 769 2979 Varro
813 2916 898 2979 ad
943 2917 1421 2981 custodiendum
1469 2917 1587 2980 iter
1634 2936 1848 2980 eorum
1894 2917 2141 2995 missuS,
2190 2915 2763 3003 denuntiatumque,

399 3003 451 3067 si
500 3023 625 3084 qua
670 3002 902 3068 deinde
945 3004 1179 3087 legatio
1227 3024 1307 3067 ex
1352 3003 1612 3082 Aetolis,
1660 3005 1781 3067 nisi
1829 3004 2135 3086 permissu
2197 3003 2610 3085 imperatoriS,
2671 3012 2766 3075 qul

400 3109 540 3153 eam
585 3090 974 3173 provinciam
1022 3091 1352 3170 obtineret,
1416 3097 1478 3153 et
1538 3110 1678 3153 cum
1741 3089 1947 3172 legato
1995 3092 2278 3153 Romano
2342 3090 2620 3154 venisset
2661 3084 2764 3146 Ro-

400 3197 587 3257 mam,
637 3197 747 3260 pro
793 3176 1079 3241 hostibus
1126 3197 1344 3242 omnes
1390 3176 1651 3240 futuros.
1745 3176 1832 3239 ita
1878 3175 2119 3240 dimissi
2168 3176 2391 3240 Aetoli.

604 3372 648 3422 1.
687 3366 948 3420 tardanos
994 3367 1055 3420 B.
1090 3369 1177 3430 14.
1225 3365 1475 3418 subtexit
1520 3367 1632 3420 cod.
1669 3368 1907 3433 plerique
1951 3366 2039 3433 (B)
2086 3373 2135 3419 et
2179 3367 2257 3420 ed.
2284 3374 2419 3434 vet.‚·
2462 3360 2659 3418 adiecit
2700 3351 2761 3415 Mn

396 3457 467 3522 cf.
494 3456 725 3522 Madvig]
763 3456 888 3507 Em.
915 3455 983 3507 L.
1008 3472 1061 3522 p.
1089 3458 1205 3506 445.
1240 3453 1247 3519 Ι
1280 3457 1327 3507 5.
1365 3454 1422 3505 in
1459 3453 1656 3506 senatii
1695 3452 1754 3518 B,
1795 3454 1908 3507 cod.
1943 3471 2040 3507 ree.
2062 3455 2308 3520 plerique
2345 3460 2393 3506 et
2429 3454 2506 3506 ed.
2533 3455 2627 3504 vet.
2651 3445 2764 3498 ante

396 3543 750 3595 Basil.1351.
786 3544 792 3605 1
827 3545 872 3594 7.
912 3540 1129 3593 delectu
1170 3542 1293 3605 (sic)
1338 3558 1486 3608 supr.
1511 3559 1611 3595 scr.
1641 3539 1703 3592 Β.
1738 3545 1744 3604 1
1781 3543 1858 3594 12.
1910 3555 1969 3591 se
2015 3539 2211 3605 culpae
2250 3538 2311 3590 Β.
2348 3540 2354 3604 Ι
2391 3541 2468 3593 19.
2505 3530 2759 3605 permitte-

395 3634 517 3680 rent
552 3626 598 3677 B
629 3635 678 3681 et
711 3630 958 3682 nonnull.
987 3629 1100 3682 cod.
1128 3645 1245 3691 rec„
1284 3642 1353 3678 an
1391 3628 1771 3693 permitterent
1796 3629 1866 3679 al.
1894 3644 1990 3681 rec.
2020 3627 2238 3692 (Voss).
2273 3628 2279 3690 Ι
2311 3628 2394 3679 20.
2422 3623 2758 3678 habiturosue

396 3715 457 3767 B.
491 3716 499 3779 Ι
531 3717 613 3768 21.
651 3713 849 3767 hostus
889 3715 950 3767 Β.
988 3719 995 3778 l
1029 3718 1110 3769 25.
1150 3712 1552 3780 perdomandos
1588 3714 1641 3765 M
1679 3721 1726 3767 et
1771 3719 1805 3767 3
1851 3715 1962 3768 cod.
1989 3731 2088 3768 rec.
2118 3715 2275 3775 (Lov.
2309 3715 2382 3778 2).
2418 3715 2426 3778 Ι
2458 3710 2657 3765 animos
2690 3696 2754 3750 fe·

395 3817 549 3855 roces
568 3802 636 3854 M.
663 3799 670 3870 Ι
694 3804 775 3855 27.
797 3800 1134 3867 athamathie
1153 3800 1213 3852 B.
1240 3799 1245 3868 Ι
1270 3803 1351 3856 28.
1379 3816 1447 3853 m.
1476 3800 1600 3852 acili
1624 3801 1686 3853 B.
1710 3801 1715 3870 Ι
1742 3803 1823 3855 31.
1850 3800 2227 3868 nuntiatuqu,
2260 3799 2322 3853 B.
2348 3798 2354 3868 Ι
2378 3802 2461 3853 34.
2487 3792 2651 3851 omnis
2667 3785 2721 3838 B.
2743 3778 2748 3847 Ι
