2925 4278
595 148 826 203 LIBER
863 149 1196 203 xxxvm.
1232 150 1395 205 CAP.
1424 155 1472 206 3.
1499 155 1547 206 4.
1590 151 1663 219 [a.
1692 151 1758 207 U.
1786 167 1830 205 ο.
1859 152 2003 220 565].
2365 135 2488 198 123

98 322 236 386 sive
282 320 368 386 ad
414 322 714 387 tuendam
762 344 902 388 eam
948 324 1241 389 venirent
1284 324 1516 406 Aetoli,
1562 332 1816 409 apertos
1877 325 2045 389 circa
2105 344 2363 408 campos
2406 322 2491 388 ad
2533 335 2596 382 10

99 406 530 472 dimicandum
601 430 770 493 esse3
838 411 975 475 sive
1056 410 1484 476 detractarent
1545 419 1886 493 certamen,
1956 412 2494 495 oppugnationem

98 495 232 558 fore
280 493 453 558 haud
498 493 858 581 difficilem3
919 517 1089 561 nam.
1133 504 1196 561 et
1242 498 1490 581 copiam
1534 499 1602 562 in
1646 499 2002 582 propinquo
2061 497 2364 562 materiae
2408 494 2491 560 ad
2534 508 2595 554 11

97 600 372 664 aggeres
418 581 788 647 excitandos
834 590 897 648 et
942 591 1152 649 cetera
1196 604 1388 668 opera
1435 605 1595 664 esse,
1646 591 1710 649 et
1753 584 2187 665 Arethontem,
2234 583 2493 666 naviga-

42 681 66 726 5
99 667 292 730 bilem
362 687 637 748 amnem,
706 677 1126 753 opportunum
1196 670 1281 734 ad
1350 671 1820 754 comportanda,
1898 691 2061 753 quae
2125 670 2268 735 usui
2344 671 2490 748 sint,

96 760 352 836 praet-er
423 754 564 837 ipsa
630 757 882 825 moenia
946 756 1163 836 fluere,
1234 764 1296 821 et
1362 763 1672 822 aestatem
1740 764 1958 841 aptam
2015 757 2108 821 rei
2169 754 2491 839 gerendae

100 839 345 905 adesse.
440 840 540 904 his
585 849 1051 925 persuaserunt,
1114 849 1183 906 ut
1242 864 1357 927 per
1399 844 1660 927 Epirum
1722 843 1997 908 duceret.
2090 844 2199 908 IV.
2236 836 2593 908 OonsffIT]

98 925 177 989 ad
223 927 635 992 Ambraciam
679 927 1049 993 advenienti
1093 930 1311 1013 magni
1342 931 1551 1013 operis
1581 931 1970 1013 oppugnatio
2000 930 2141 995 visa
2186 935 2299 993 est.
2348 929 2493 991 Am-

99 1013 319 1078 bracia
364 1014 602 1078 tumulo
646 1033 870 1098 aspero
917 1016 1202 1080 subiecta
1263 1022 1391 1099 est3
1465 1016 1877 1080 Perranthem
1935 1017 2182 1081 incolae
2241 1020 2490 1080 vocant.

17 1120 68 1166 ιο
100 1100 267 1180 urbs,
319 1119 446 1180 qua
491 1120 707 1165 murus
751 1102 957 1185 vergit
1001 1102 1067 1165 in
1116 1123 1374 1187 campos
1435 1109 1498 1166 et
1558 1102 1813 1183 fiumen,
1876 1102 2290 1179 occidentem,
2352 1121 2489 1181 arx,
2566 1112 2597 1159 2

102 1206 262 1266 quae
310 1186 611 1270 imposita
657 1189 892 1252 tumulo
952 1195 1066 1269 est,
1127 1189 1431 1253 orientem
1495 1196 1756 1272 spectat.
1848 1189 2054 1253 amnis
2111 1187 2349 1252 Aretho
2410 1206 2493 1250 ex
2567 1199 2598 1246 3

99 1271 491 1336 Athamania
532 1272 737 1339 fluens
783 1273 953 1338 cadit
1011 1275 1077 1338 in
1139 1276 1346 1340 sinum
1404 1276 1596 1339 maris
1661 1276 1743 1339 ab
1805 1276 2061 1339 nomine
2107 1275 2495 1357 propinquae

100 1359 269 1424 urbis
342 1360 750 1424 Ambracium
825 1361 1234 1444 appellatum.
1328 1369 1772 1445 praeterquam
1841 1360 2009 1442 quod
2076 1360 2226 1424 hinc
2285 1358 2492 1445 amnis
2564 1370 2599 1417 4

99 1445 324 1524 munit,
370 1444 521 1509 hinc
566 1447 809 1527 tumuli,
856 1468 1033 1511 muro
1081 1467 1329 1529 quoque
1388 1448 1567 1512 firmo
1628 1455 1850 1531 saepta
1910 1453 2064 1527 erat,
2123 1452 2383 1531 patente
2425 1444 2494 1508 in

20 1548 68 1595 15
100 1531 370 1596 circuitu
412 1533 601 1616 paulo
647 1533 919 1615 amplius
965 1541 1260 1614 quattuor
1303 1535 1480 1598 milia
1522 1554 1843 1618 passuum.
1935 1533 2197 1597 Fulvius
2257 1532 2410 1597 bina
2453 1550 2495 1594 a
2566 1542 2598 1590 ὅ

101 1637 329 1701 campo
375 1624 601 1698 castra,
648 1618 897 1684 modico
943 1620 1108 1684 inter
1154 1640 1223 1685 se
1269 1619 1574 1685 dista-ntia
1618 1621 1970 1700 intervallo,
2034 1640 2228 1684 unum
2276 1618 2492 1683 castel-

99 1704 222 1768 lum
271 1705 413 1768 loco
459 1704 629 1768 edito
677 1712 894 1770 contra
939 1727 1149 1772 arcem
1181 1707 1429 1772 obiecit.
1524 1727 1601 1771 ea
1647 1707 1859 1771 omnia
1888 1707 2055 1770 vallo
2094 1713 2287 1789 atque
2318 1705 2492 1770 fossa
2566 1717 2597 1764 6

99 1791 184 1854 ita
228 1791 500 1873 iungere
546 1797 748 1874 parat,
797 1812 879 1855 ne
926 1793 1136 1857 exitus
1181 1793 1441 1858 inclusis
1501 1795 1583 1858 ab
1645 1794 1802 1857 urbe
1862 1813 2027 1857 neve
2086 1791 2298 1857 aditus
2342 1791 2495 1856 foris

100 1876 177 1941 ad
232 1878 485 1941 auxilia
543 1878 1021 1943 intromittenda
1081 1887 1265 1944 esset.
1356 1880 1441 1943 ad
1501 1880 1739 1944 famam
1799 1879 2291 1963 oppugnationis
2351 1879 2496 1941 Am-

21 1978 70 2027 20
104 1963 360 2027 braciae
406 1964 686 2030 Stratum
733 1964 860 2027 iam
895 1964 1100 2029 edicto
1131 1966 1437 2030 Nicandri
1468 1966 1775 2050 praetoris
1808 1972 2235 2030 convenerant
2265 1963 2491 2028 Aetoli.

101 2049 248 2114 inde
299 2049 503 2132 primo
560 2049 759 2133 copiis
821 2051 1115 2117 omnibus
1173 2051 1257 2115 ad
1317 2052 1777 2135 prohibendam
1826 2051 2220 2117 obsidionem
2274 2050 2493 2115 venire
2568 2061 2596 2109 7

101 2135 162 2200 in
205 2136 428 2201 animo
473 2135 713 2221 fuerat3
762 2136 931 2219 dein,
993 2145 1328 2222 postquam
1390 2141 1612 2204 urbem
1673 2139 1798 2203 iam
1860 2160 2097 2223 magna
2166 2159 2247 2202 ex
2314 2144 2494 2222 parte

101 2223 399 2306 operibus
445 2232 732 2307 saeptam
780 2224 1095 2305 viderunt,
1142 2226 1543 2309 Epirotarum
1604 2234 1779 2289 trans
1823 2225 2060 2289 flumen
2121 2226 2257 2290 loco
2303 2225 2493 2308 plano

102 2317 308 2374 castra
353 2310 565 2393 posita
609 2330 770 2390 esse,
818 2311 1102 2376 dividere
1149 2311 1363 2394 copias
1407 2312 1662 2396 placuit.
1757 2332 1896 2376 cum
1958 2312 2129 2375 mille
2176 2309 2493 2394 expeditis
2564 2326 2596 2374 8

23 2410 69 2458 25
99 2394 487 2480 Eupolemus
552 2397 959 2461 Ambraciam
1028 2398 1349 2481 profectus
1414 2420 1530 2481 per
1595 2398 1875 2462 nondum
1941 2398 2276 2462 commissa
2329 2397 2494 2459 inter

97 2500 159 2546 se
203 2482 609 2546 munimenta
653 2484 875 2548 urbem
920 2484 1197 2548 intravit.
1276 2484 1600 2548 Nicandro
1632 2505 1775 2548 cum
1823 2491 2034 2549 cetera
2064 2504 2258 2547 manu
2288 2483 2490 2567 primo
2563 2498 2594 2545 9

299 2674 349 2726 2.
388 2670 762 2724 detrectarent
795 2672 859 2725 Β.
892 2675 900 2738 Ι
931 2676 980 2727 4.
1010 2670 1380 2725 Arethontem
1414 2673 1462 2725 B
1501 2680 1551 2727 et
1586 2675 1666 2728 ed.
1692 2680 1789 2728 vet.
1800 2694 1819 2741 ;
1845 2670 2195 2726 Arachthum
2220 2674 2358 2729 coni.
2391 2673 2489 2727 Ur-

93 2760 260 2825 sinus,
299 2758 544 2810 Aratum
579 2760 660 2812 vel
696 2758 964 2811 Arratum
991 2761 1366 2814 Weissenborn
1402 2761 1481 2814 ed.
1512 2762 1713 2814 Teubn.
1743 2778 1803 2828 p.
1830 2760 2032 2813 XXII
2050 2761 2077 2826 (
2077 2777 2300 2825 „nomen
2334 2759 2491 2828 fluvii

91 2847 172 2901 hic
205 2852 259 2900 et
295 2864 338 2900 c.
365 2848 414 2912 4,
439 2849 476 2897 3
511 2862 548 2898 a
574 2846 810 2900 Livione
842 2863 955 2900 non
989 2852 1126 2901 recte
1160 2847 1425 2914 scriptum
1460 2864 1532 2900 an
1572 2864 1608 2900 a
1646 2847 1873 2900 librario
1913 2847 2267 2914 depravatum
2302 2846 2487 2913 fuerit,

93 2933 355 2987 incertum
404 2937 508 2998 est3
550 2948 681 2985 nam
727 2930 1053 2984 Arachthus
1097 2934 1179 2987 vel
1224 2930 1501 2985 Aratthus
1545 2934 1851 3001 siqnificari
1893 2933 2121 3000 videtur,
2155 2938 2218 2985 ut
2255 2932 2488 2997 XLIII,

91 3022 169 3085 21,
193 3022 263 3072 9⁶⁴
305 3019 579 3087 Madvig).
613 3018 621 3085 Ι
653 3020 701 3073 8.
740 3016 1056 3070 ambrachia
1099 3019 1160 3071 B.
1195 3021 1203 3084 Ι
1239 3023 1318 3074 11.
1365 3018 1624 3086 imposita
1671 3023 1758 3072 est
1801 3018 2017 3070 tumulo
2062 3018 2132 3086 M,
2177 3018 2362 3085 posita
2405 3021 2489 3068 tu-

93 3104 237 3158 mulo
276 3110 364 3157 est
390 3106 507 3159 cod.
525 3106 772 3173 plerique
795 3104 897 3173 (Β),
922 3104 1105 3171 posita
1142 3104 1197 3158 in
1232 3104 1447 3159 tumulo
1486 3111 1571 3157 est
1594 3107 1730 3161 Lov.
1755 3110 1792 3159 2
1815 3112 1864 3159 et
1899 3107 1976 3158 ed.
2006 3112 2120 3172 vet„
2149 3107 2279 3172 fort.
2304 3110 2453 3158 recte.
2480 3104 2485 3168 Ι

93 3190 312 3244 Aretho
351 3192 467 3246 cod.
492 3189 604 3258 <B);
652 3187 885 3243 arethon
921 3193 1001 3245 ed.
1035 3198 1149 3255 vet„
1186 3191 1514 3244 Arachthus
1561 3194 1808 3260 Ursinus,
1843 3193 2083 3258 Vossius,
2121 3193 2189 3258 ef.
2216 3209 2259 3245 c.
2287 3195 2339 3257 3,
2362 3195 2447 3243 11.
2479 3188 2486 3258 Ι

97 3279 170 3330 12.
210 3275 559 3329 Athamania
609 3277 952 3342 Palmerius5
995 3277 1291 3329 acarnania
1327 3279 1444 3332 cod.
1478 3278 1486 3344 Ι
1522 3281 1602 3332 13.
1650 3276 2019 3330 ambracbiam
2055 3275 2116 3329 B.
2151 3280 2157 3340 Ι
2190 3273 2341 3342 quod
2386 3293 2488 3329 om.

93 3361 149 3416 B.
180 3365 189 3429 Ι
226 3367 311 3417 15.
350 3381 466 3413 .1111.
503 3361 567 3424 Β,
605 3380 668 3412 111
704 3361 853 3414 milia
889 3364 1005 3418 cod.
1032 3381 1132 3417 rec.
1158 3371 1207 3418 et
1243 3365 1322 3418 ed.
1350 3370 1462 3429 vet„
1502 3380 1572 3418 m.
1609 3365 1725 3419 cod.
1762 3363 1910 3418 Voss.
1945 3365 1952 3428 Ι
1988 3365 2067 3417 17.
2105 3366 2273 3430 atque
2307 3362 2380 3428 133
2425 3375 2490 3413 ac

95 3451 204 3504 cod.
231 3467 333 3504 rec.
360 3457 411 3504 et
447 3450 527 3502 ed.
554 3456 648 3503 vet.
682 3450 692 3516 Ι
726 3452 805 3504 18.
843 3450 923 3502 ita
964 3467 1059 3515 „ex
1095 3452 1431 3519 archetypis“
1478 3450 1658 3504 Gelen.
1700 3449 1811 3514 (M‘?
1849 3448 1968 3515 S?);
2014 3468 2115 3504 om.
2141 3451 2234 3503 rel.
2261 3450 2376 3503 cod.
2403 3447 2490 3515 (B)

94 3542 139 3589 et
170 3538 255 3591 ed.
282 3537 570 3604 antiquiss.
603 3537 611 3601 Ι
646 3538 726 3590 19.
764 3534 1079 3603 ambrachie
1115 3536 1177 3591 B.
1212 3542 1219 3601 Ι
1250 3539 1335 3591 20.
1362 3542 1744 3589 conuenerunt
1767 3535 1830 3587 Β.
1864 3537 1873 3600 Ι
1905 3538 1987 3590 21.
2015 3534 2357 3603 opsidionem
2382 3533 2445 3586 B.
2478 3531 2484 3602 Ι

95 3626 171 3677 22.
211 3622 340 3676 dein
376 3622 425 3675 B
461 3628 511 3676 et
543 3627 581 3677 2
613 3640 748 3690 rec.;
781 3621 982 3675 deinde
1018 3625 1112 3677 rel.
1138 3623 1255 3677 cod.
1289 3624 1296 3688 Ι
1329 3626 1411 3678 26.
1438 3637 1563 3674 cum
1602 3626 1786 3674 cetera
1822 3637 1987 3674 manu
2013 3621 2083 3689 M,
2119 3623 2325 3684 Aldus,·
2362 3635 2487 3673 cum

95 3715 278 3764 cetera
311 3712 558 3778 (coetera
594 3709 658 3778 B)
696 3709 741 3761 B
777 3716 825 3764 et
861 3711 977 3765 cod.
1002 3728 1104 3765 rec.
1131 3711 1351 3778 (Voss.),
1378 3724 1503 3762 cum
1539 3707 1739 3761 ceteris
1776 3710 1890 3764 cod.
1918 3726 2017 3763 rec.
2036 3710 2285 3777 plerique
2320 3715 2369 3761 et
2405 3708 2484 3761 ed.

94 3800 379 3866 antiquiss.
412 3798 423 3862 Ι
