2925 4278
1144 582 1242 679 T.
1308 580 1607 679 LIVI

782 798 935 877 AB
1002 796 1339 877 URBE
1404 796 1970 878 CONDITA

1063 987 1350 1049 LIBER
1404 986 1706 1049 xxxvl.

393 1164 442 1225 I.
496 1162 565 1224 P.
619 1160 974 1225 Cornelium
1023 1161 1137 1225 Cn.
1196 1160 1392 1223 filium
1448 1160 1810 1243 Scipionem
1866 1167 1930 1224 et
1975 1160 2076 1223 Μ’.
2127 1161 2399 1225 Acilium
2441 1161 2580 1225 Gla·
2623 1179 2646 1223 1

180 1250 471 1315 brionem
506 1247 797 1312 consules
840 1247 997 1311 inito
1030 1247 1402 1329 magistratu
1434 1253 1667 1328 patrcS,
1715 1247 2083 1327 priusquam
2116 1246 2196 1311 de
2235 1247 2580 1329 provinciis
2620 1265 2648 1309 2

181 1342 468 1418 agerent,
517 1354 620 1398 res
654 1332 906 1396 divinas
950 1332 1161 1396 facere
1206 1332 1550 1396 maioribus
1581 1332 1802 1395 hostiis
1847 1333 2163 1396 iusserunt
2192 1333 2258 1396 in
2290 1334 2584 1398 omnibus

184 1423 374 1499 fanis,
430 1422 496 1485 in
554 1420 785 1501 quibus
839 1419 1293 1483 lectisternium
1347 1418 1652 1482 maiorem
1706 1426 1952 1499 partem
2007 1420 2159 1482 anni
2212 1419 2347 1483 fieri
2403 1420 2581 1499 solet,

110 1534 145 1577 5
185 1507 581 1592 precarique.
629 1504 798 1587 quod
843 1512 1101 1570 senatus
1147 1504 1227 1569 de
1273 1525 1438 1569 novo
1486 1506 1651 1568 bello
1696 1505 1764 1567 in
1809 1506 2022 1571 animo
2068 1506 2352 1585 haberet,
2399 1513 2467 1571 ut
2508 1526 2584 1570 ea

188 1613 298 1656 res
342 1592 589 1655 senatui
633 1592 988 1675 populoque
1033 1592 1319 1655 Romano
1365 1592 1530 1655 bene
1574 1598 1768 1671 atque
1822 1591 2089 1656 feliciter
2135 1593 2434 1656 eveniret.
2507 1614 2584 1657 ea
2622 1612 2652 1655 3

194 1678 411 1742 omnia
468 1677 767 1741 sacrificia
820 1680 988 1755 laeta
1044 1678 1318 1757 fuerunt,
1375 1678 1719 1761 primisque
1774 1678 1995 1742 hostiis
2049 1678 2411 1759 perlitatum
2468 1687 2582 1757 est,

191 1772 259 1829 et
305 1764 393 1827 ita
438 1763 802 1847 haruspices
847 1762 1332 1847 responderunt,
1390 1784 1464 1827 eo
1512 1764 1677 1828 bello
1724 1763 2025 1828 terminos
2069 1765 2281 1847 populi
2314 1766 2584 1829 Romani

186 1851 550 1936 propagari,
597 1851 925 1914 victoriam
972 1871 1047 1914 ac
1093 1850 1480 1932 triumphum
1515 1849 1780 1914 ostendi.
1843 1850 2003 1915 haec
2036 1870 2178 1914 cum
2224 1852 2588 1916 renuntiata
2624 1871 2656 1917 4

88 1963 146 2007 1o
187 1943 422 2013 essent,
481 1936 699 2001 solutis
759 1937 1061 2019 religione
1117 1937 1347 2000 animis
1401 1946 1616 2019 patres
1681 1937 2073 2019 rogationem
2139 1937 2222 2001 ad
2285 1939 2585 2021 populum

185 2024 340 2089 ferri
395 2024 742 2101 iusserunt,
806 2023 1041 2086 vellent
1110 2023 1487 2087 iuberentne
1549 2043 1692 2086 cum
1745 2022 2059 2088 Antiocho
2114 2044 2294 2106 rege,
2353 2025 2588 2105 quique
2625 2046 2655 2089 5

188 2112 328 2177 eius
376 2117 616 2175 sectam
648 2109 846 2174 secuti
880 2117 1110 2189 essent,
1157 2110 1394 2174 bellum
1439 2109 1610 2191 iniri;
1659 2110 1712 2174 si
1745 2130 1822 2174 ea
1852 2110 2094 2193 perlata
2125 2111 2366 2193 rogatio
2399 2118 2585 2192 esset,

189 2207 345 2278 tum,
396 2200 449 2261 si
495 2198 585 2260 ita
614 2195 933 2261 videretur
965 2197 1346 2275 consulibus,
1392 2217 1527 2260 rem
1567 2196 1883 2280 integram
1928 2196 2013 2261 ad
2060 2205 2350 2261 senatum
2396 2199 2585 2263 refer-

190 2291 351 2348 rent.
423 2285 491 2347 P.
531 2283 858 2348 Cornelius
890 2303 1030 2347 eam
1060 2282 1452 2366 rogationem
1499 2284 1782 2366 pe1·tulit;
1830 2291 1962 2347 tum
1997 2292 2255 2348 senatus
2286 2282 2587 2365 decrevit,
2628 2306 2658 2351 o

101 2393 156 2437 15
193 2378 261 2435 ut
310 2371 602 2435 consules
647 2369 899 2432 Italiam
945 2375 1009 2433 et
1039 2369 1371 2433 Graeciam
1418 2369 1779 2452 provincias
1826 2371 2222 2454 sortirentur;
2271 2371 2371 2433 cui
2405 2370 2591 2435 Grae-

194 2458 296 2521 cia
326 2456 671 2534 evenisset,
718 2462 789 2517 ut
833 2462 1085 2537 praeter
1117 2475 1259 2518 eum
1306 2475 1637 2519 numerum
1683 2456 1971 2534 militum,
2020 2476 2209 2536 quem
2248 2457 2317 2519 L.
2364 2455 2590 2531 Quinc-

192 2545 318 2607 tius
367 2543 586 2606 consul
643 2541 709 2604 in
757 2560 897 2604 eam
942 2541 1335 2623 provinciam
1384 2562 1466 2604 cx
1511 2543 1886 2606 auctoritate
1934 2549 2192 2606 senatus
2239 2542 2594 2625 scripsisset

193 2630 672 2712 imperassetve,
745 2633 814 2689 ut
888 2647 1031 2690 eum
1094 2628 1443 2691 exercitum
1511 2628 1847 2710 acciperet,
1918 2648 2107 2708 quem
2173 2628 2255 2691 M.
2313 2628 2592 2693 Baebius
2633 2651 2659 2695 τ

195 2721 452 2799 praetor
481 2734 652 2778 anno
685 2713 891 2795 priore
925 2733 1006 2777 ex
1040 2721 1298 2777 senatus
1331 2714 1616 2778 consulto
1655 2714 1722 2777 in
1753 2713 2190 2778 Macedoniam
2221 2715 2589 2780 traiecisset.

105 2821 161 2866 ‘20
198 2810 260 2865 et
310 2807 495 2865 extra
558 2800 807 2863 Italiam
868 2800 1265 2882 permissum,
1330 2807 1416 2879 ut,
1480 2801 1533 2864 si
1594 2820 1695 2864 res
1755 2801 2155 2884 postulasset,
2218 2801 2454 2864 auxilia
2512 2802 2594 2866 ab
2634 2825 2664 2869 s

197 2887 407 2966 sociis,
465 2906 548 2949 ne
596 2906 786 2969 supra
832 2886 1112 2966 quinque
1167 2887 1405 2949 milium
1452 2907 1802 2967 numerum,
1860 2888 2193 2970 acciperet.
2262 2887 2332 2951 L.
2369 2886 2596 2963 Quinc-

197 2975 356 3037 tium
406 2972 745 3055 superioris
791 2973 944 3036 anni
977 2972 1299 3036 consulem
1346 2972 1546 3055 legari
1591 2971 1675 3035 ad
1721 2972 1787 3035 id
1834 2973 2067 3037 bellum
2112 2974 2365 3056 placuit.
2437 2975 2596 3038 alter
2635 2999 2665 3042 o

200 3060 440 3138 consul,
506 3059 605 3122 cui
668 3058 855 3121 Italia
917 3058 1244 3141 provincia
1291 3058 1628 3138 evenisset,
1693 3079 1836 3122 cum
1881 3059 2031 3124 Bois
2091 3061 2299 3124 iussus
2358 3060 2594 3124 bellum

201 3165 422 3228 gerere
469 3151 609 3209 utro
659 3144 942 3209 exercitu
986 3144 1203 3208 mallet
1250 3164 1331 3207 ex
1377 3142 1643 3224 duobuS,
1703 3165 1861 3226 quos
1907 3146 2263 3228 superiores
2310 3147 2598 3211 consules

415 3336 459 3386 1.
500 3331 596 3385 Cn.
635 3331 809 3384 filium
848 3332 927 3398 M;
976 3350 1079 3387 om.
1116 3331 1178 3398 B,
1227 3333 1340 3387 cod.
1381 3350 1479 3387 rec.
1522 3340 1571 3386 et
1606 3334 1685 3386 ed.
1725 3341 1820 3387 vet.
1865 3335 1872 3401 Ι
1913 3333 1999 3388 Μ’.
2040 3336 2332 3403 Siyonius;
2375 3351 2442 3389 m.
2481 3337 2597 3390 cod.

199 3427 248 3474 et
284 3421 366 3474 ed.
409 3425 504 3473 vet.
549 3421 556 3484 Ι
604 3421 653 3472 2.
703 3419 958 3471 consules
1002 3419 1081 3486 M3
1133 3436 1231 3473 om.
1270 3418 1333 3484 B,
1383 3420 1497 3474 cod.
1536 3437 1636 3474 ree.
1676 3427 1724 3473 et
1768 3421 1846 3474 ed.
1893 3428 1988 3474 vet.
2032 3423 2041 3486 Ι
2081 3425 2129 3477 8.
2168 3421 2448 3489 aruspices
2484 3421 2546 3475 B.
2592 3423 2596 3489 Ι

201 3510 282 3561 10.
324 3505 554 3572 regione
589 3504 652 3557 B.
687 3509 694 3568 Ι
731 3509 810 3560 15.
849 3510 911 3558 ut
948 3505 1203 3558 consules
1240 3504 1304 3570 B,
1343 3506 1505 3559 Harl.
1529 3513 1577 3559 et
1613 3507 1691 3560 ed.
1723 3513 1817 3560 vet.
1829 3527 1848 3574 ;
1882 3507 2139 3561 consules
2168 3509 2282 3564 cod.
2306 3509 2566 3576 plerique.
2595 3537 2596 3572 Ι

200 3597 282 3648 16.
311 3599 377 3645 ut
413 3611 517 3648 om.
553 3596 589 3645 3
625 3593 740 3647 cod.
774 3610 893 3661 rec„
929 3595 978 3646 I.
1004 3594 1073 3646 F.
1106 3592 1431 3647 Gronovius.
1467 3595 1474 3659 Ι
1510 3596 1589 3649 18.
1627 3593 1952 3661 imperasset
1988 3594 2145 3647 uelut
2181 3610 2305 3647 eum
2340 3595 2405 3662 B,
2441 3596 2602 3662 impe-

194 3683 471 3747 rassetve‚
510 3692 637 3731 eum
674 3679 751 3732 ed.
780 3680 1048 3748 Moyunt„
1085 3681 1134 3732 I.
1161 3678 1229 3731 F.
1263 3678 1589 3734 Gronovius.
1622 3682 1630 3745 Ι
1662 3679 1936 3747 acciperet
1973 3685 2029 3733 et
2064 3696 2227 3748 quem
2249 3681 2314 3748 B,
2351 3683 2464 3736 cod.
2504 3697 2601 3734 rec.

187 3768 444 3835 plerique
479 3772 529 3820 et
570 3767 649 3820 ed.
687 3768 971 3834 antiquiss.
1006 3768 1014 3832 Ι
1046 3768 1127 3819 21.
1168 3760 1275 3833 sup
1296 3763 1359 3816 B.
1392 3766 1400 3830 Ι
1433 3768 1516 3820 23.
1543 3766 1667 3820 bois
1703 3766 1777 3833 B3
1814 3766 1967 3820 Boiis
2001 3767 2112 3821 cod.
2141 3784 2238 3820 rec.
2278 3773 2328 3820 et
2351 3768 2428 3821 ed.
2455 3772 2548 3819 vet.
2590 3765 2594 3826 Ι

305 3852 355 3894 Τ.
378 3851 473 3892 Liv.
505 3850 575 3891 VI.
632 3850 776 3892 Editio
805 3850 952 3891 maior.
2262 3857 2288 3901 1
