2925 4278
697 160 922 214 LIBER
959 159 1285 215 XXXVIII.
1324 159 1492 214 CAP.
1517 163 1601 216 46.
1642 161 1713 229 [a.
1740 162 1806 216 U.
1832 177 1877 216 c.
1904 162 2043 229 567].
2435 143 2553 207 171

157 335 303 401 loco
348 335 689 417 mitterent,
746 334 860 401 sed
906 355 1166 419 corpora
1220 355 1336 400 sua
1380 335 1554 400 nuda
1602 336 1927 417 inicerent,
1985 337 2248 402 obruere
2293 356 2408 400 nos
2453 356 2556 420 po·

155 427 436 487 tuerunt.
515 421 667 503 quid
712 422 905 505 igitur
947 421 1212 486 incidit?
1268 443 1503 506 magna
1553 422 1805 487 fortuna
1858 423 2072 508 populi
2125 422 2392 487 Romani
2439 430 2555 502 est,
2628 431 2664 479 4

156 529 469 592 magnum
524 517 586 573 et
640 508 915 574 terribile
974 527 1223 573 nomen.
1314 509 1553 574 recenti
1607 509 1792 574 ruina
1845 509 2225 575 Hannibalis
2279 508 2555 593 Philippi

155 594 462 660 Antiochi
507 615 703 679 prope
748 595 999 660 attoniti
1044 601 1251 679 erant3
1308 603 1524 661 tantae
1580 616 1908 679 corporum
1962 597 2158 661 moles
2202 594 2418 660 fundis
2463 616 2556 659 sa-

80 703 113 750 5
155 682 466 766 gittisque
512 683 578 745 in
624 682 841 766 fugam
889 689 1329 747 consternatae
1375 690 1551 767 sunt3
1606 682 1856 767 gladius
1900 683 1967 747 in
2012 683 2148 748 acie
2195 689 2556 747 cruentatus
2628 690 2662 739 ὃ

156 789 293 833 non
340 775 437 834 est
481 768 722 833 Gallico
768 768 961 853 bello;
1010 769 1186 834 velut
1229 769 1442 835 avium
1492 770 1794 835 examina
1831 768 1915 834 ad
1947 769 2252 854 crepitum
2284 769 2556 854 primum

154 855 493 920 missilium
540 855 895 920 avolavere.
975 865 1042 920 at
1086 855 1340 920 hercule
1386 856 1580 921 iidem
1624 877 1761 937 nos,
1807 895 1893 903 -
1938 862 2235 921 monente
2280 855 2553 936 fortuna,
2627 864 2659 912 6

158 940 337 1024 quid,
385 942 441 1006 si
485 941 732 1007 hostem
777 941 1237 1024 habuissemus,
1294 963 1586 1008 casurum
1631 943 1854 1008 fuisset
1902 982 1982 989 -
2030 963 2174 1007 cum
2218 942 2556 1008 redeuntes

155 1029 227 1093 in
276 1028 661 1094 latrunculos
703 1028 985 1093 Thracas
1030 1029 1492 1109 incidissemus,
1549 1030 1736 1111 caesi,
1792 1030 2014 1113 fugati,
2071 1029 2244 1094 exuti
2297 1028 2555 1114 impedi-

51 1137 113 1183 ιο
154 1116 394 1180 mentis
448 1136 680 1181 sumus.
775 1114 849 1191 Q.
899 1116 1214 1181 Minucius
1265 1116 1593 1197 Thermus,
1650 1117 1716 1180 in
1772 1137 1895 1198 quo
1948 1116 2120 1180 haud
2172 1117 2360 1200 paulo
2411 1115 2553 1199 plus
2627 1123 2656 1170 ⁷

157 1201 382 1266 damni
427 1201 666 1267 factum
712 1202 825 1281 est,
874 1223 1062 1284 quam
1109 1203 1162 1266 si
1211 1203 1324 1268 Cn.
1359 1203 1650 1284 Manlius,
1701 1202 1876 1267 cuius
1921 1203 2274 1268 temeritate
2321 1222 2397 1266 ea
2435 1202 2554 1267 cla-

157 1288 277 1354 des
320 1288 650 1370 inciderat,
698 1286 983 1373 perisset,
1033 1309 1175 1353 cum
1221 1289 1433 1354 multis
1479 1289 1632 1353 viris
1685 1289 1952 1355 fortibus
2006 1288 2259 1373 cecidit;
2316 1288 2551 1353 exerci-
2624 1296 2658 1344 8

156 1381 263 1440 tus
311 1376 513 1458 spolia
555 1375 726 1459 regis
773 1375 1070 1440 Antiochi
1125 1376 1407 1441 referens
1461 1376 1767 1440 trifariam
1822 1374 2181 1459 dissipatus,
2237 1375 2389 1439 alibi
2435 1374 2552 1459 pri-

157 1483 353 1543 mum,
409 1463 563 1527 alibi
617 1469 1002 1546 postremum
1055 1482 1307 1545 agmen,
1363 1462 1517 1526 alibi
1571 1461 2042 1546 impedimenta,
2108 1462 2272 1527 inter
2326 1481 2552 1545 vepres

53 1571 115 1617 15
157 1549 227 1613 in
290 1549 547 1614 latebris
607 1549 880 1613 ferarum
940 1555 1189 1619 noctem
1250 1569 1442 1612 unam
1505 1548 1768 1613 delituit.
1861 1569 1973 1632 pro
2034 1548 2133 1613 his
2192 1547 2547 1631 triumphus
2622 1556 2655 1603 9

157 1636 439 1720 petitur?
487 1636 539 1700 si
579 1635 735 1700 nihil
781 1635 847 1699 in
878 1635 1149 1699 Thracia
1193 1634 1391 1700 cladis
1435 1635 1947 1718 ignominiaeque
1992 1636 2154 1700 foret
2198 1641 2550 1719 acceptum,

160 1721 244 1788 de
298 1722 525 1804 quibus
579 1722 865 1787 hostibus
919 1721 1305 1805 triumphum
1357 1722 1652 1806 peteres?
1708 1722 1788 1786 de
1833 1722 1931 1803 iis,
1988 1730 2055 1787 ut
2099 1722 2341 1806 opinor,
2396 1740 2552 1804 quos

159 1809 277 1874 tibi
322 1809 536 1874 hostes
590 1815 847 1874 senatus
899 1816 1008 1872 aut
1060 1809 1329 1892 populus
1380 1810 1703 1873 Romanus
1756 1807 2053 1874 dedisset.
2147 1809 2238 1874 sic
2284 1809 2430 1873 huic
2474 1809 2545 1873 L.
2592 1818 2659 1866 10

165 1895 464 1980 Scipioni,
518 1896 610 1961 sic
654 1896 744 1959 illi
789 1896 893 1959 Μ’.
944 1895 1146 1960 Acilio
1193 1895 1272 1960 de
1317 1915 1469 1979 rege
1525 1895 1855 1976 Antioch0,
1913 1896 2003 1961 sic
2047 1897 2236 1981 paulo
2281 1903 2431 1960 ante
2477 1896 2549 1960 T.

55 2003 121 2049 20
164 1981 458 2058 Quinctio
503 1981 584 2047 de
631 2002 781 2065 rege
826 1981 1139 2065 Philippo,
1187 1982 1278 2047 sic
1322 1983 1390 2046 P.
1426 1982 1726 2047 Africano
1774 1982 1854 2046 de
1898 1983 2259 2047 Hannibale
2305 1990 2367 2048 et
2401 1984 2552 2048 Poe-

160 2070 262 2134 nis
316 2076 379 2133 et
432 2068 729 2153 Syphace
784 2068 1136 2153 triumphus
1191 2068 1392 2133 datus.
1488 2075 1552 2133 et
1596 2070 1857 2133 minima
1910 2069 2036 2150 illa,
2094 2090 2236 2133 cum
2289 2069 2413 2133 iam
2461 2088 2552 2133 se·
2591 2077 2651 2125 11

160 2162 349 2221 natus
396 2157 745 2221 censuisset
783 2156 1037 2236 bellum,
1081 2156 1366 2237 quaesita
1403 2163 1619 2220 tamen
1658 2163 1825 2236 sunt,
1867 2157 2094 2237 quibus
2132 2155 2551 2221 nuntiandum

162 2250 358 2309 esset:
414 2243 570 2328 ipsis
615 2243 831 2324 utique
878 2242 1133 2326 regibus
1178 2243 1590 2323 nuntiaretur,
1646 2263 1729 2306 an
1775 2243 1929 2307 satis
1982 2250 2149 2307 esset
2192 2242 2276 2306 ad
2321 2242 2550 2326 praesi-

160 2329 338 2394 dium
393 2328 649 2411 aliquod
703 2329 996 2393 nuntiari.
1090 2329 1281 2393 vultis
1344 2348 1494 2413 ergo
1554 2329 1713 2393 haec
1771 2330 1984 2394 omnia
2043 2329 2236 2412 pollui
2294 2335 2357 2393 et
2411 2349 2549 2392 con·
2591 2337 2653 2387 12

59 2435 120 2484 25
162 2414 365 2497 fundi,
426 2417 558 2481 tolli
617 2415 859 2480 fetialia
916 2415 1072 2495 iura,
1136 2416 1339 2480 nullos
1395 2435 1535 2480 esse
1595 2415 1891 2480 fetiales?
1954 2415 2084 2497 fiat,
2146 2435 2303 2498 pace
2363 2414 2552 2479 deum

160 2502 454 2585 dixerim,
502 2503 743 2567 iactura
786 2502 1134 2586 religionis;
1183 2501 1417 2566 oblivio
1465 2501 1725 2566 deorum
1770 2501 1980 2585 capiat
2025 2509 2279 2586 pectora
2311 2509 2546 2565 vestra:

160 2610 314 2655 num
360 2597 650 2655 senatum
697 2609 946 2671 quoque
993 2588 1073 2654 de
1118 2588 1282 2653 bello
1329 2588 1570 2653 consuli
1627 2609 1752 2653 non
1797 2589 2050 2673 placet?
2125 2609 2252 2653 non
2307 2587 2392 2652 ad
2444 2609 2549 2673 po·
2589 2597 2655 2644 13

159 2677 378 2761 pulum
439 2675 606 2757 ferri,
677 2676 877 2741 velint
942 2676 1285 2740 iubeantne
1353 2695 1496 2738 cum
1558 2674 1755 2740 Gallis
1821 2675 2057 2740 bellum
2114 2675 2294 2759 geri‘?
2363 2674 2548 2739 modo

162 2770 331 2828 certe
378 2763 667 2828 consules
721 2762 1053 2826 Graeciam
1106 2769 1297 2843 atque
1350 2762 1569 2825 Asiam
1615 2761 1940 2846 volebant3
1997 2768 2209 2826 tamen
2262 2781 2548 2846 perseve-
2589 2770 2653 2821 14

58 2870 123 2917 30
159 2850 447 2915 rantibus
478 2849 658 2914 vobis
698 2849 965 2932 Ligures
1011 2848 1401 2932 provinciam
1447 2847 1787 2914 decernere
1833 2847 2000 2914 dicto
2045 2847 2377 2913 audientes
2422 2847 2550 2912 fue-

251 3196 256 3203 ·
372 3130 418 3182 1.
445 3126 679 3180 obruere
704 3129 741 3181 fi
764 3130 1065 3195 potuerunt
1087 3126 1148 3179 B.
1182 3127 1190 3190 1
1222 3128 1269 3180 2.
1291 3127 1353 3179 in
1379 3143 1518 3181 voce.
1544 3124 1715 3193 igitur
1738 3123 1846 3178 inci
1873 3126 2041 3180 desim.
2064 3125 2179 3182 cod.
2197 3123 2260 3178 B.
2293 3126 2301 3189 Ι
2333 3126 2381 3178 4.
2409 3127 2548 3176 atto-

156 3215 308 3267 nitae
345 3213 418 3281 M,
451 3218 486 3267 3
522 3215 637 3268 cod.
662 3231 763 3269 rec.
789 3214 946 3279 (Lov.
971 3214 1046 3280 2),
1082 3214 1332 3282 Moyunt.
1366 3214 1374 3278 1
1406 3216 1453 3267 5.
1493 3215 1878 3265 consternatae
1924 3211 1993 3276 M,
2029 3213 2163 3269 Lov.
2191 3216 2240 3276 4,
2286 3212 2469 3265 Mead.
2496 3215 2552 3279 2,

156 3303 440 3369 Moywnt.;
483 3299 816 3353 consternati
852 3301 944 3355 rel.
972 3300 1087 3355 cod.
1114 3306 1163 3353 et
1199 3300 1279 3353 ed.
1299 3300 1473 3367 prior.
1508 3301 1516 3364 Ι
1548 3301 1595 3352 6.
1634 3297 1856 3366 apium?
1902 3300 1981 3352 vel
2023 3314 2190 3366 apum
2225 3302 2260 3351 3
2296 3298 2410 3354 cod.
2446 3314 2547 3351 rec.

159 3388 388 3453 (Harl).
422 3389 430 3452 Ι
470 3388 553 3441 22.
591 3385 801 3440 bellum
841 3387 1020 3441 Gelon.
1058 3385 1206 3453 (MP),
1253 3387 1333 3440 ed.
1366 3387 1545 3440 Basil.
1580 3389 1718 3438 1535
1727 3405 1746 3451 ;
1789 3383 1939 3438 bella
1983 3386 2096 3440 cod.
2133 3391 2181 3439 et
2225 3386 2304 3439 ed.
2333 3385 2506 3452 prior.
2538 3381 2545 3452 Ι

159 3476 244 3530 23.
280 3473 629 3526 nuntiaretur
665 3474 798 3541 cod„
836 3474 916 3527 ed.
941 3474 1118 3528 Basil.
1149 3477 1284 3527 1535
1293 3492 1312 3540 ;
1353 3471 1742 3525 nuntiarentur
1777 3473 1856 3525 ed.
1883 3473 2169 3540 antiquiss.
2203 3472 2211 3538 Ι
2243 3473 2324 3526 24.
2363 3470 2550 3524 uelitis

150 3563 327 3631 pauci
373 3561 488 3615 cod.
522 3578 641 3628 rec„
680 3562 793 3615 Iac.
826 3560 1151 3617 Gronoviua
1185 3561 1193 3624 Ι
1225 3562 1308 3614 26.
1346 3557 1629 3626 religionis
1665 3558 1877 3611 iactura
1915 3563 1947 3611 5
1983 3560 2097 3613 cod.
2122 3575 2221 3614 rec.
2253 3559 2408 3625 (Lov.
2433 3560 2507 3624 2).
2537 3555 2544 3626 Ι

158 3651 243 3702 27.
281 3648 500 3716 placeat
535 3652 569 3700 3
606 3648 721 3702 cod.
747 3665 847 3702 rec.
882 3651 889 3712 Ι
922 3646 993 3699 ad
1029 3645 1291 3714 populum
1329 3644 1458 3698 ferri
1496 3645 1565 3713 M,
1601 3647 1810 3713 Aldu35
1846 3644 2047 3698 adferri
2074 3647 2187 3701 cod.
2214 3662 2333 3712 rec„
2358 3643 2550 3698 referri

158 3735 239 3789 ed.
280 3735 562 3803 antiquiss.
598 3736 606 3799 1
647 3735 729 3789 30.
768 3732 1058 3787 audientes
1095 3733 1165 3798 M,
1205 3734 1318 3788 cod.
1344 3750 1445 3787 rec.
1473 3733 1629 3799 (Lov.
1656 3737 1732 3800 2),
1770 3733 1979 3799 Aldus;
2014 3730 2338 3785 obedientes
2373 3737 2407 3785 4
2432 3731 2545 3787 cod.

157 3838 261 3876 rec.
290 3821 494 3887 (Voss.)
531 3826 579 3874 et
616 3821 693 3875 ed.
722 3821 1006 3888 antiquisa
1039 3821 1047 3887 Ι
