2925 4278
106 1151 168 1196 10

109 1580 170 1627 15

106 2015 168 2060 20

106 2447 169 2492 25

748 178 971 231 LIBER
1008 178 1270 232 XXXVI.
1311 178 1476 231 CAP.
1503 181 1551 232 4.
1580 183 1627 233 5.
1669 178 1733 245 [a.
1763 178 1827 231 U.
1856 194 1902 230 c.
1931 179 2069 247 563}
2558 162 2600 225 5

202 358 387 415 cente
419 350 503 415 ad
550 351 784 416 bellum
817 352 1055 416 auxilia
1102 358 1165 416 et
1196 352 1530 435 pecuniam
1565 359 1626 416 et
1658 351 2072 434 frumentum3
2121 353 2202 416 ab
2233 353 2599 418 Ptolomaeo
2639 374 2668 419 2

202 438 397 502 etiam
443 438 614 502 mille
660 438 871 522 pondo
916 440 1072 518 auri,
1122 439 1349 520 viginti
1397 439 1573 501 milia
1618 438 1828 521 pondo
1874 440 2123 522 argenti
2171 440 2380 503 allata.
2442 440 2599 504 nihil

204 525 341 588 eius
395 532 755 607 acceptum:
813 526 1057 608 gratiae
1111 525 1368 607 regibus
1423 533 1620 589 actae.
1694 532 1755 588 et
1811 545 1953 588 cum
2010 532 2272 607 uterque
2330 546 2397 590 se
2454 546 2595 590 cum
2636 547 2665 590 3

203 610 498 675 omnibus
570 611 769 694 copiis
848 612 911 673 in
982 612 1296 675 Aetoliam
1365 618 1700 674 venturum
1780 611 2072 692 belloque
2150 611 2597 676 interfuturum

206 697 622 780 polliceretur,
670 698 1033 764 Ptolomaeo
1079 696 1143 760 id
1190 698 1549 779 remissum3
1606 697 1884 780 Philippi
1939 698 2169 779 legatis
2225 718 2598 781 responsum
2636 718 2667 762 4

205 789 455 866 gratum
510 805 655 848 eum
711 785 958 848 senatui
1004 785 1359 867 populoque
1416 786 1701 847 Romano
1755 784 2091 864 facturum,
2148 785 2200 848 si
2245 786 2348 848 M’.
2398 785 2600 849 Acilio

207 870 447 934 consuli
506 891 633 935 non
697 870 1021 935 defuisset.
1094 873 1244 934 item
1304 870 1387 933 ab
1445 870 2083 954 Carthaginiensibus
2144 879 2205 934 et
2267 872 2600 935 Masinissa
2637 893 2668 935 5

203 976 354 1038 rege
409 957 606 1040 legati
651 964 978 1021 venerunt.
1061 957 1621 1040 Carthaginienses
1675 957 1865 1020 tritici
1920 957 2198 1021 modium
2257 958 2602 1041 quingenta

205 1043 397 1123 milia,
469 1042 689 1107 hordei
751 1044 1099 1126 quingenta
1159 1041 1243 1106 ad
1306 1044 1674 1123 exercitum,
1747 1043 2080 1108 dimidium
2142 1045 2278 1109 eius
2337 1046 2599 1108 Romam

205 1135 644 1213 apportaturos
704 1130 992 1213 polliciti:
1062 1129 1128 1193 id
1189 1137 1258 1193 ut
1316 1130 1398 1193 ab
1462 1150 1532 1194 se
1593 1151 1825 1195 munus
1885 1131 2160 1194 Romani
2219 1132 2597 1214 acciperent,
2640 1150 2670 1195 6

205 1223 419 1298 petere
481 1236 648 1299 sese3
712 1223 774 1279 et
820 1217 1087 1280 classem
1153 1216 1445 1302 [suorum]
1513 1237 1624 1281 suo
1682 1224 1931 1299 sumpto
1981 1224 2475 1299 comparaturos;
2539 1223 2602 1280 et
2642 1237 2670 1282 7

207 1302 608 1385 stipendium,
657 1302 826 1385 quod
872 1303 1154 1386 pluribus
1200 1303 1613 1386 pensionibus
1658 1304 1723 1366 in
1772 1305 2002 1368 multos
2042 1323 2242 1366 annos
2273 1302 2597 1381 deberent,

206 1408 506 1471 praesens
536 1409 724 1452 omne
757 1389 1030 1453 daturos.
1095 1389 1468 1454 Masinissae
1509 1389 1702 1472 legati
1736 1390 2088 1472 quingenta
2118 1389 2291 1452 milia
2322 1387 2600 1452 modium
2639 1407 2670 1454 8

206 1476 412 1554 tritici,
460 1482 745 1539 trecenta
774 1475 994 1540 hordei
1025 1475 1107 1539 ad
1140 1475 1486 1539 exercitum
1517 1476 1584 1539 in
1617 1476 1970 1555 Graeciam,
2020 1477 2283 1539 Romam
2315 1481 2601 1539 trecenta

208 1560 377 1625 milia
422 1561 701 1625 modium
747 1561 958 1641 tritici,
1007 1561 1281 1626 ducenta
1328 1563 1795 1645 quinquaginta
1840 1561 2079 1642 hordei,
2138 1562 2381 1643 equites
2428 1562 2603 1642 quin-

207 1654 451 1730 gentoS,
500 1647 874 1731 elephantos
920 1649 1149 1732 viginti
1204 1668 1419 1731 regem
1468 1648 1552 1712 ad
1597 1650 1707 1712 M’.
1758 1648 2029 1713 Acilium
2079 1649 2399 1713 consulem
2460 1648 2601 1711 mis-

207 1755 438 1798 surum.
510 1733 591 1798 de
637 1735 953 1798 frumento
998 1736 1280 1816 utrisque
1326 1755 1721 1818 responsum,
1769 1737 1859 1798 ita
1904 1755 2161 1799 usurum
2196 1754 2269 1798 eo
2300 1735 2600 1817 populum
2640 1756 2670 1801 9

204 1822 581 1901 Romanum,
652 1822 704 1885 si
766 1823 1035 1904 pretium
1096 1821 1487 1904 acciperent3
1563 1821 1642 1885 de
1705 1822 1905 1884 classe
1969 1820 2603 1903 Carthaginiensibus

203 1908 559 1987 remissum,
606 1914 1048 1990 praeterquam
1097 1908 1150 1971 si
1197 1907 1348 1987 quid
1396 1908 1656 1972 navium
1704 1928 1786 1971 ex
1831 1906 2089 1971 foedere
2136 1906 2471 1989 deberent;
2521 1906 2600 1971 de

204 1995 477 2077 pecunia
521 1995 676 2058 item
720 2014 1113 2077 responsum,
1160 1994 1397 2056 nullam
1443 2000 1594 2058 ante
1642 1992 1809 2057 diem
1856 2000 2244 2076 accepturos.

414 2082 489 2145 V.
555 2080 713 2146 Cum
770 2080 929 2145 haec
989 2082 1230 2144 Romae
1290 2081 1665 2163 agebantur,
1731 2079 2033 2146 Chalcide
2089 2079 2459 2161 AntiochUS,
2522 2100 2602 2144 ne
2644 2102 2668 2147 1

207 2175 482 2233 cessaret
513 2188 627 2251 per
657 2167 1060 2233 hibernorum
1093 2174 1361 2250 tempus,
1404 2168 1636 2250 partim
1668 2167 1807 2249 ipse
1840 2168 2218 2231 sollicitabat
2251 2167 2602 2231 civitatium

207 2256 453 2320 animos
508 2254 833 2319 mittendis
887 2254 1134 2336 legatiS,
1197 2255 1427 2337 partim
1483 2254 1644 2317 ultro
1700 2253 1784 2316 ad
1830 2274 1974 2317 eum
2019 2255 2385 2334 veniebant,
2443 2255 2603 2317 sicut

205 2342 503 2425 Epirotae
534 2341 850 2405 communi
880 2341 1090 2423 gentis
1123 2360 1432 2404 consensu
1467 2347 1528 2403 et
1559 2341 1696 2404 Elei
1737 2360 1772 2403 e
1804 2341 2239 2424 Peloponneso
2270 2346 2598 2405 venerunt.

207 2428 343 2491 Elei
391 2427 701 2491 auxilium
746 2426 1052 2491 adversus
1090 2426 1381 2491 Achaeos
1427 2427 1753 2509 petebant,
1804 2447 1958 2508 quos
2005 2433 2145 2510 post
2189 2427 2429 2491 bellum
2475 2446 2600 2489 non
2641 2448 2670 2493 2

209 2535 288 2578 ex
335 2534 454 2579 sua
514 2514 827 2579 sententia
882 2512 1191 2576 indictum
1246 2512 1559 2576 Antiocho
1613 2513 1887 2595 primum
1933 2513 2173 2576 civitati
2229 2532 2383 2576 suae
2429 2532 2604 2575 arma

208 2601 489 2665 illaturos
527 2599 890 2663 credebant.
941 2599 1111 2662 mille
1156 2600 1234 2663 iis
1280 2598 1529 2681 pedites
1576 2618 1718 2661 cum
1767 2598 1927 2662 duce
1961 2598 2247 2663 Cretensi
2289 2597 2600 2681 Euphane
2640 2620 2669 2665 3

207 2788 505 2854 pollicente
538 2789 607 2856 M,
655 2792 723 2857 ef.
751 2790 982 2858 Madvig]
1018 2791 1052 2842 l.
1089 2808 1159 2854 c.,·
1192 2787 1519 2856 pollicentes
1554 2789 1645 2841 rel.
1685 2788 1802 2841 eod.
1841 2787 1929 2853 (B)
1962 2795 2010 2841 et
2048 2789 2126 2841 ed.
2157 2795 2250 2842 vet.
2304 2788 2311 2854 Ι
2360 2791 2409 2841 2.
2437 2786 2603 2839 etiam

209 2875 254 2926 B
290 2882 340 2929 et
377 2877 491 2931 cod.
530 2893 660 2942 ree.,·
705 2882 762 2928 et
797 2877 877 2929 ed.
925 2877 1230 2943 antiquiss,
1279 2892 1379 2929 om.
1416 2873 1524 2940 M?,
1572 2875 1650 2928 ed.
1688 2874 1937 2942 Moyuut.
1991 2875 1998 2942 Ι
2047 2874 2246 2941 viginti
2290 2873 2443 2926 milia
2486 2872 2603 2931 M?;

210 2962 410 3030 uiginti
463 2961 591 3029 (XX
644 2962 711 3030 B)
756 2963 801 3014 B
857 2969 904 3015 et
959 2963 1071 3016 eod.
1126 2978 1246 3027 rec,
1301 2960 1451 3012 mille
1507 2959 1710 3028 uiginti
1765 2961 1844 3014 ed.
1892 2968 1986 3014 vet.
2038 2962 2046 3026 Ι
2097 2964 2144 3014 6.
2191 2976 2260 3013 m.
2310 2959 2432 3012 acil.
2480 2959 2541 3012 B.
2593 2957 2599 3025 1

208 3053 256 3103 8.
294 3048 540 3102 modium
579 3049 660 3101 ·D·
697 3049 745 3101 B
782 3053 850 3117 ef.
890 3050 969 3102 M
993 3050 1228 3102 Mueller
1258 3051 1436 3116 praef.
1468 3066 1528 3116 p.
1568 3048 1680 3102 III
1709 3054 1758 3100 et
1793 3050 1870 3101 H.
1911 3049 1956 3100 I.
1985 3048 2216 3100 Mueller
2251 3065 2378 3099 anu.
2421 3048 2601 3100 Berol.

210 3140 343 3189 1891
375 3155 434 3205 p.
475 3141 594 3203 166,
632 3135 871 3188 modium
918 3133 1123 3202 (modia
1157 3134 1269 3200 M‘?)
1315 3132 1462 3186 mille
1501 3133 1593 3185 M‘.>
1639 3135 1754 3188 cod.
1797 3151 1899 3188 rec.
1939 3140 1988 3187 et
2023 3135 2101 3187 ed.
2140 3140 2234 3187 vet.
2279 3133 2287 3197 Ι
2327 3135 2375 3186 9.
2413 3130 2602 3185 hordei

206 3223 517 3292 quingenta
552 3223 600 3275 B
636 3230 684 3277 et
728 3224 842 3278 eod.
882 3223 1105 3288 Hearu;
1145 3220 1336 3274 hordei
1374 3220 1683 3289 quingenta
1729 3219 2147 3288 (quinquaginta
2182 3221 2316 3273 Lov.
2356 3220 2410 3284 3)
2456 3217 2605 3271 milia

208 3313 300 3363 rel.
340 3312 454 3365 cod.
494 3317 544 3363 et
578 3311 655 3363 ecl.
679 3316 771 3363 vet.
807 3311 814 3374 1
850 3312 930 3363 10.
968 3307 1196 3375 polliciti
1235 3311 1365 3360 sunt
1401 3309 1482 3361 ed.
1521 3314 1615 3361 vet.
1651 3307 1658 3373 Ι
1691 3306 1927 3358 Romani
1965 3324 2065 3361 om.
2105 3305 2166 3358 B.
2208 3307 2216 3371 Ι
2262 3309 2341 3359 11.
2380 3319 2605 3358 suorum

210 3398 309 3450 del.
350 3398 553 3451 Duker.
595 3398 603 3460 Ι
647 3397 727 3450 13.
765 3410 1029 3462 praesens
1074 3395 1191 3446 offis
1238 3395 1299 3460 B,
1345 3408 1608 3461 praesens
1658 3396 1723 3445 e‘e
1769 3394 1901 3446 Lov.
1934 3397 1981 3446 6.
2023 3396 2030 3456 Ι
2074 3391 2379 3459 quingenta
2423 3391 2606 3444 modia

207 3483 377 3536 tritici
422 3483 492 3550 M,
530 3484 642 3538 eod.
690 3483 908 3536 Gaertu.
952 3482 959 3548 Ι
1005 3484 1083 3536 14.
1135 3499 1259 3532 .ccc.
1291 3480 1536 3533 modium
1574 3480 1633 3542 B,
1680 3485 1927 3532 trecenta
1980 3478 2164 3532 modia
2208 3478 2278 3531 M.
2321 3480 2329 3543 Ι
2374 3481 2454 3533 16.
2501 3479 2605 3531 ele-

210 3568 447 3635 phantos
483 3568 825 3635 (elephantes
862 3570 996 3622 Lov.
1021 3573 1077 3630 6)
1117 3567 1286 3619 XXX
1323 3567 1386 3634 B,
1424 3568 1555 3621 Lov.
1596 3571 1645 3620 6.
1689 3569 1696 3631 Ι
1737 3569 1819 3620 20.
1858 3569 2186 3633 accepturus
2222 3565 2284 3617 B.
2317 3567 2325 3631 Ι
2357 3568 2441 3619 21.
2481 3579 2607 3632 age-

209 3661 399 3709 rentur
423 3657 563 3711 eoui.
586 3656 788 3709 Duker.
823 3655 830 3721 Ι
861 3657 943 3708 24.
967 3659 1197 3722 epyrote
1218 3654 1277 3706 B.
1313 3656 1320 3719 1
1354 3659 1411 3706 et
1429 3651 1552 3705 Elei
1573 3654 1873 3707 Sabellicus
1882 3673 1901 3720 ,·
1920 3667 1988 3705 ex
2013 3651 2157 3719 pelei
2177 3652 2239 3719 B,
2267 3657 2324 3704 et
2341 3651 2493 3704 Pelei
2511 3654 2604 3705 rel.

210 3743 323 3796 cod.
364 3747 414 3796 et
450 3742 529 3795 ed.
568 3742 853 3809 antiquiss.
897 3740 907 3804 1
948 3756 978 3792 e
1015 3741 1395 3808 Peloponneso
1433 3741 1512 3794 ed.
1552 3741 1731 3792 Basil.
1771 3744 1906 3792 1531
1918 3760 1937 3806 ,·
1972 3739 2020 3790 &
2055 3738 2430 3806 peloponense
2468 3737 2512 3789 B
2552 3741 2607 3789 et

210 3828 619 3896 Peloponenses
647 3827 761 3881 cod.
791 3844 892 3880 ree.
919 3833 967 3879 et
998 3829 1075 3881 ed.
1109 3829 1397 3896 antiquiss.
1432 3827 1440 3892 Ι
1473 3828 1555 3880 26.
1586 3824 1830 3878 ciuitatis
1858 3839 1991 3878 suae
2026 3825 2086 3877 B.
2129 3826 2137 3890 Ι
2183 3828 2266 3879 27.
2305 3823 2607 3877 credebant
