2925 4278
355 145 443 210 52
916 162 1144 215 LIBER
1180 162 1482 216 XXXVII.
1521 162 1685 216 oAP.
1711 166 1761 218 2.
1801 165 1867 232 [a.
1896 164 1960 219 U.
1987 179 2032 217 e.
2059 165 2199 233 564}

286 351 317 397 2
356 335 599 400 consuli
644 334 896 416 deinde,
947 336 1047 400 cui
1093 336 1363 401 Graecia
1408 336 1738 419 provincia
1782 336 2038 401 decreta
2083 343 2237 418 erat,
2282 337 2367 401 ad
2398 358 2542 402 eum
2575 357 2756 402 exer·

356 422 567 501 citum,
616 442 802 503 quem
849 443 890 486 a
933 423 1037 486 Μ’.
1071 422 1276 488 Acilio
1322 460 1408 468 —
1468 422 1633 486 duae
1677 429 1890 487 autem
1934 423 2219 507 legiones
2265 430 2444 487 erant
2503 461 2591 470 —
2653 444 2758 488 ac·

356 514 653 591 cepturus
699 515 887 588 esset,
935 508 1000 572 in
1049 509 1556 591 supplementum
1618 508 1839 573 addita
1899 509 2187 592 peditum
2249 510 2482 574 civium
2527 512 2755 574 Roma-

286 609 318 656 3
357 614 580 658 norum
626 595 745 658 tlia
791 594 984 675 milia,
1034 595 1280 676 equites
1327 600 1601 673 centum,
1651 601 1713 658 et
1746 595 1983 660 socium
2016 595 2227 659 Latini
2267 596 2540 660 nominis
2574 596 2754 677 quin·

357 700 481 761 que
526 681 719 760 milia,
768 681 1013 762 equites
1061 680 1360 765 ducenti;
1410 685 1473 744 et
1518 680 1854 761 adiectum,
1901 688 1990 761 ut,
2053 702 2195 746 cum
2241 683 2307 745 in
2355 682 2753 765 provinciam

357 767 659 846 venisset,
722 767 776 829 si
840 786 874 830 e
936 786 1001 830 re
1064 766 1323 849 publica
1382 766 1704 830 videretur
1766 786 1925 848 esse,
1989 768 2339 832 exercitum
2400 768 2465 831 in
2528 768 2755 832 Asiam

285 870 317 914 4
355 853 666 916 traiceret.
759 852 942 915 alteri
988 853 1229 916 consuli
1278 858 1445 917 totus
1491 872 1695 918 novus
1742 854 2059 918 exercitus
2105 853 2415 934 decretus,
2471 853 2637 919 duae
2671 855 2756 918 le·

350 939 574 1021 giones
618 939 945 1001 Romanae
1007 945 1070 1002 et
1115 939 1354 1003 socium
1401 939 1614 1003 Latini
1675 940 1950 1004 nominis
2010 939 2371 1021 quindecim
2417 940 2592 1004 milia
2649 960 2755 1024 pe-

284 1043 316 1087 5
354 1024 574 1103 ditum,
625 1024 870 1105 equites
916 1025 1222 1089 sexcenti.
1315 1025 1663 1089 exercitum
1711 1046 1793 1089 ex
1826 1026 2166 1108 Liguribus
2212 1025 2285 1102 Q.
2320 1026 2634 1090 Minucius
2668 1064 2756 1072 —-

355 1110 481 1173 iam
544 1110 712 1174 enim
780 1110 1132 1174 confectam
1202 1112 1597 1194 provinciam
1658 1112 1996 1195 scripserat
2064 1119 2127 1176 et
2189 1113 2492 1195 Ligurum
2559 1132 2754 1177 omne

351 1216 584 1260 nomen
631 1197 697 1259 in
745 1196 1135 1261 deditionem
1182 1198 1437 1262 venisse
1481 1235 1567 1244 —
1613 1197 1944 1262 traducere
2003 1198 2069 1261 in
2116 1198 2305 1262 Boios
2365 1205 2430 1262 et
2488 1200 2557 1262 P.
2603 1200 2755 1264 Cor-

352 1283 521 1348 nelio
568 1283 928 1366 proconsuli
975 1283 1225 1347 tradere
1271 1284 1482 1348 iussus
1530 1304 1612 1347 ex
1657 1303 1833 1366 agr0,
1883 1304 2005 1364 quo
2051 1284 2253 1348 victos
2306 1285 2473 1348 bello
2526 1285 2755 1349 multa-

280 1388 311 1434 6
352 1376 550 1449 verat,
597 1370 788 1434 Boios
833 1369 1190 1434 deducenti.
1270 1369 1434 1434 duae
1481 1371 1764 1433 urbanae
1796 1370 2099 1453 legiones,
2148 1388 2310 1451 quae
2342 1370 2548 1453 priore
2577 1390 2755 1435 anno

353 1456 746 1538 conscriptae
803 1462 1000 1535 erant,
1048 1456 1129 1519 M.
1163 1456 1399 1520 Tuccio
1446 1456 1718 1539 praetori
1767 1455 1956 1520 datae
2003 1462 2067 1520 et
2112 1457 2349 1520 socium
2404 1476 2480 1520 ac
2535 1457 2754 1521 Latini

351 1541 625 1605 nominis
670 1540 957 1624 peditum
990 1542 1351 1623 quindecim
1398 1542 1574 1605 milia
1619 1549 1681 1605 et
1728 1542 1973 1623 equites
2004 1543 2292 1607 sexcenti
2331 1541 2415 1605 ad
2445 1542 2751 1624 Apuliam

281 1646 308 1692 7
350 1627 757 1708 Bruttiosque
826 1628 1224 1692 obtinendos.
1321 1629 1397 1691 A.
1449 1628 1740 1692 Cornelio
1817 1627 2157 1711 superioris
2233 1629 2386 1692 anni
2452 1628 2751 1711 praetori,

350 1714 461 1795 qui
506 1714 784 1777 Bruttios
833 1734 974 1777 cum
1023 1715 1306 1778 exercitu
1370 1713 1749 1795 obtinuerat,
1813 1715 2210 1798 imperatum,
2274 1715 2326 1779 si
2371 1713 2461 1778 ita
2506 1715 2753 1779 consuli

350 1799 694 1879 videretur,
742 1806 811 1863 ut
855 1799 1139 1881 legiones
1200 1800 1265 1863 in
1312 1800 1626 1864 Aetoliam
1688 1800 1986 1865 traiectas
2042 1801 2146 1864 Μ’.
2181 1800 2388 1864 Acilio
2447 1799 2752 1881 traderet,

276 1905 308 1952 8
349 1886 403 1950 si
453 1886 508 1950 is
554 1906 814 1950 manere
859 1886 947 1948 ibi
995 1886 1219 1969 vellet;
1284 1886 1337 1950 si
1382 1886 1623 1950 Acilius
1683 1886 1888 1950 redire
1933 1888 2201 1951 Romam
2261 1886 2491 1966 mallet,
2553 1893 2624 1950 ut
2670 1886 2748 1950 A.

351 1972 681 2037 Cornelius
742 1992 886 2035 cum
953 1992 1027 2036 eo
1096 1972 1377 2036 exercitu
1438 1972 1506 2035 in
1561 1973 1809 2037 Aetolia
1870 1980 2244 2037 remaneret.
2340 1972 2407 2037 C.
2456 1972 2747 2036 Atinium

349 2059 714 2123 Labeonem
760 2057 1154 2142 provinciam
1202 2058 1484 2122 Siciliam
1531 2059 2004 2142 exercitumque
2059 2079 2100 2123 a
2142 2059 2224 2122 M.
2272 2058 2543 2123 Aemilio
2587 2058 2753 2122 acci-

354 2165 506 2229 pere
550 2146 791 2229 placuit
837 2151 900 2209 et
945 2146 1012 2208 in
1058 2145 1567 2229 supplementum
1616 2147 1891 2211 scribere
1953 2166 2036 2211 ex
2097 2146 2238 2229 ipsa
2295 2145 2644 2229 provincia,
2693 2146 2753 2210 si

281 2253 312 2298 9
356 2232 571 2311 vellet,
618 2231 903 2315 peditum
952 2231 1077 2296 duo
1124 2232 1301 2295 milia
1361 2239 1424 2295 et
1471 2239 1724 2296 centum
1787 2233 2049 2314 equites.
2142 2233 2211 2295 P.
2246 2231 2468 2296 Iunius
2511 2233 2754 2297 Brutus

349 2318 416 2381 in
461 2319 702 2382 Tuscos
749 2318 1098 2382 exercitum
1143 2338 1399 2398 novum,
1446 2318 1764 2401 legionem
1808 2338 2001 2382 unam
2032 2320 2383 2382 Romanam
2429 2324 2493 2381 et
2522 2316 2751 2382 decem

348 2404 524 2468 milia
571 2404 808 2469 socium
854 2423 931 2467 ac
976 2403 1189 2467 Latini
1222 2405 1492 2468 nominis
1539 2404 1815 2469 scribere
1847 2411 1909 2468 et
1942 2403 2437 2485 quadringentos
2469 2404 2748 2488 equites3

244 2511 310 2559 10
350 2492 421 2554 L.
456 2491 780 2569 Aemilius,
830 2490 930 2553 cui
983 2490 1303 2553 maritima
1363 2490 1688 2573 provincia
1749 2497 1903 2570 erat,
1965 2490 2193 2573 viginti
2255 2510 2457 2554 naves
2516 2490 2751 2572 longas

351 2583 412 2640 et
459 2577 662 2641 socios
708 2577 971 2640 navales
1032 2597 1073 2639 a
1133 2577 1214 2640 M.
1247 2577 1432 2641 Iunio
1493 2583 1782 2659 praetore
1843 2576 2182 2660 superioris
2241 2576 2393 2640 anni
2452 2576 2752 2659 accipere

555 2768 604 2819 2.
643 2780 677 2816 a
712 2781 780 2815 m.
809 2764 969 2817 acilio
1005 2764 1069 2817 B.
1102 2769 1109 2828 Ι
1143 2768 1191 2819 3.
1230 2764 1403 2818 additi
1443 2765 1513 2817 M.
1548 2767 1555 2830 Ι
1588 2764 1961 2818 Romanorum
2005 2783 2108 2819 om.
2146 2765 2209 2832 B,
2255 2767 2390 2820 Lov.
2427 2770 2476 2819 3.
2511 2765 2518 2831 Ι
2549 2767 2597 2818 4.
2638 2763 2753 2817 tria

345 2852 555 2904 milium
589 2850 654 2917 B,
692 2850 924 2902 trecenti
960 2851 1029 2904 M.
1065 2855 1071 2914 Ι
1104 2851 1353 2919 equitum
1390 2851 1453 2903 B.
1488 2853 1496 2916 1
1528 2850 1768 2918 quinque
1816 2851 1965 2903 milia
2005 2851 2067 2918 B,
2115 2852 2231 2907 cod.
2268 2868 2368 2905 rec.
2406 2857 2455 2905 et
2499 2852 2579 2904 ed.
2618 2858 2757 2918 vet„-

346 2936 633 3004 octoginta
669 2937 740 3003 M,
779 2940 907 2989 octo
942 2936 1091 2989 milia
1129 2939 1265 2991 coni.
1298 2939 1673 2992 Weissenborn
1711 2938 1790 2990 ed.
1823 2938 2019 2991 Teubn.
2037 2939 2217 3006 praef.
2237 2955 2297 3006 p.
2323 2938 2496 2991 ΧΙΧ.
2532 2939 2540 3003 Ι
2571 2940 2620 2992 9.
2647 2936 2752 2990 Mi-

345 3023 542 3077 nucius
577 3042 680 3078 om.
707 3023 768 3075 B.
801 3025 810 3088 1
845 3026 925 3078 11.
964 3023 1212 3076 uenisset
1247 3023 1309 3075 B.
1342 3025 1350 3088 1
1383 3021 1673 3074 traducere
1709 3022 1773 3090 B,
1812 3024 1925 3077 cod.
1963 3041 2063 3078 rec.
2102 3030 2151 3077 et
2186 3024 2264 3077 ed.
2300 3029 2395 3078 vet.
2406 3043 2425 3089 ;
2467 3021 2752 3076 deducere

348 3111 417 3163 M.
451 3117 459 3176 1
495 3113 576 3164 12.
614 3109 832 3162 tradere
877 3110 1063 3178 iussus
1110 3124 1178 3162 ex
1225 3124 1377 3177 agro,
1428 3123 1539 3175 quo
1577 3108 1753 3161 victos
1791 3107 1942 3162 bello
1979 3108 2326 3176 multaverat,
2364 3108 2533 3161 Boios
2569 3107 2748 3162 dedu-

345 3197 508 3250 centi.
569 3195 712 3249 duae
750 3195 995 3249 urbanae
1034 3196 1267 3263 Madviy
1302 3197 1425 3248 Em.
1465 3196 1534 3249 L.
1565 3213 1624 3264 p.
1654 3198 1783 3262 52&
1817 3194 2036 3248 tradere
2071 3195 2275 3248 iussus.
2335 3209 2405 3247 ex
2440 3210 2593 3263 agro,
2631 3209 2751 3262 quo

346 3284 477 3352 (quo
514 3282 604 3336 hic
635 3286 771 3339 coni.
802 3284 1009 3348 Duker)
1044 3280 1223 3333 victos
1260 3280 1465 3349 (uictus
1501 3281 1569 3346 B)
1604 3279 1754 3335 bello
1791 3281 2126 3334 multaverat
2160 3280 2346 3348 Boios,
2383 3279 2748 3335 deducendae

344 3368 592 3422 urbanae
628 3372 771 3439 vulg.
805 3373 812 3434 Ι
848 3371 929 3423 13.
966 3381 1110 3435 quae
1148 3385 1250 3422 om.
1277 3367 1339 3419 B.
1373 3375 1382 3428 Ι
1417 3371 1498 3422 15.
1536 3367 1685 3420 milia
1722 3368 1770 3420 ἃ
1807 3367 2022 3435 equites
2058 3367 2131 3435 B,
2168 3367 2333 3435 milia,
2371 3367 2586 3435 equites
2624 3369 2747 3423 cod.

344 3474 444 3511 rec.
465 3464 515 3510 et
548 3457 628 3511 ed.
654 3463 751 3510 vet.
784 3457 793 3520 1
829 3457 908 3509 16.
936 3470 983 3507 a.
1011 3469 1056 3507 c.
1084 3453 1326 3506 cornelio
1352 3454 1412 3507 B.
1446 3457 1455 3520 Ι
1491 3457 1573 3509 18.
1599 3470 1668 3506 m.
1696 3453 1855 3507 acilio
1879 3454 1940 3506 B.
1975 3455 1983 3519 Ι
2014 3457 2098 3508 20.
2124 3468 2405 3507 remanere
2432 3453 2495 3507 B.
2527 3456 2536 3519 1
2569 3468 2616 3506 c.
2643 3453 2749 3506 ati-

345 3542 477 3594 lium
502 3542 563 3594 B.
597 3544 606 3607 1
639 3544 720 3596 21.
746 3556 780 3592 a
808 3540 879 3592 M.
906 3539 1151 3593 Aemilio
1177 3541 1386 3607 Aldus;
1422 3538 1493 3593 ab
1519 3539 1553 3592 l.
1581 3538 1801 3592 aemilio
1827 3541 1941 3595 cod.
1963 3547 2012 3593 et
2036 3540 2114 3594 ed.
2142 3541 2426 3608 antiquiss.
2461 3541 2471 3605 Ι
2502 3541 2586 3594 23.
2608 3539 2748 3593 Bru-

344 3633 438 3680 tus
475 3627 531 3679 in
556 3627 770 3679 Tuscos
804 3626 873 3693 M,
901 3628 1110 3693 Aldus3
1145 3624 1345 3679 brutus
1383 3642 1495 3680 cos.
1521 3630 1583 3689 B,
1609 3624 1806 3678 brutus
1845 3626 2039 3679 consul
2077 3628 2156 3682 vel
2192 3625 2436 3679 consulis
2474 3627 2588 3681 cod.
2616 3643 2746 3694 rec„

346 3717 416 3781 ef.
448 3715 512 3767 de
547 3715 710 3766 huius
747 3716 946 3768 erroris
983 3716 1194 3782 oriyine
1234 3713 1297 3766 G.
1328 3715 1579 3767 Heraeus
1618 3720 1817 3781 quaest.
1855 3715 1971 3767 crit.
2009 3715 2133 3768 Liv.
2159 3714 2338 3767 Berol.
2361 3716 2500 3766 1885
2534 3731 2589 3781 p.
2616 3717 2698 3767 44.
2732 3711 2741 3780 Ι

344 3801 431 3853 24.
469 3812 695 3851 romana
730 3799 792 3851 B.
826 3802 834 3864 1
866 3802 949 3853 27.
987 3798 1204 3851 naualis
1240 3799 1302 3850 B.
1335 3801 1345 3864 Ι
1376 3798 1626 3865 accipere
1663 3802 1750 3851 est
1785 3798 1971 3853 iussus
2007 3799 2078 3850 Μ.
2111 3798 2119 3864 Ι

2825 697 2854 742 5

2796 1127 2855 1173 10

2792 1556 2853 1603 15

2790 1986 2853 2033 20

2789 2419 2852 2467 25
