2925 4278
668 106 892 159 LIBER
930 105 1257 160 XXXVIII.
1297 103 1461 159 CAP.
1488 107 1572 159 42.
1598 106 1681 159 43.
1723 103 1795 172 [a.
1822 104 1887 158 U.
1915 120 1959 157 c.
1987 105 2128 173 567}
2462 85 2579 149 167

194 279 401 361 fectis,
459 300 618 362 quas
669 280 1028 364 provincias
1081 280 1476 363 praetoribus
1530 298 1667 344 esse
1713 279 2008 361 placeret,
2064 279 2303 343 rettulit
2356 277 2439 342 ad
2494 299 2585 344 se-

193 373 419 431 natum
460 368 694 432 consul.
772 366 1191 432 decreverunt
1230 365 1387 431 duas
1426 368 1666 431 Romae
1705 365 1858 431 iuris
1896 365 2150 430 dicendi
2183 385 2392 446 causa,
2427 365 2584 431 duas

196 461 381 518 extra
433 454 702 535 Italiam,
758 453 1038 520 Siciliam
1092 473 1168 518 ac
1222 452 1601 532 Sardiniam,
1658 451 1816 516 duas
1871 453 1935 516 in
1981 452 2184 533 Italia,
2238 453 2582 516 Tarentum

194 546 259 605 et
307 540 604 624 Galliam3
664 546 726 604 et
771 541 1111 624 extemplo,
1157 540 1523 624 priusquam
1580 539 1811 603 inirent
1866 539 2322 622 magistratum,
2379 539 2584 604 sortiri

115 651 150 696 5
193 627 368 691 iussi.
458 628 589 693 Ser.
639 627 954 711 Sulpicius
998 628 1326 707 urbanam,
1375 626 1447 703 Q.
1496 625 1831 691 Terentius
1876 626 2273 709 peregrinam
2323 631 2419 690 est
2463 645 2584 690 sor-

194 714 370 794 titus,
416 714 487 778 L.
536 714 869 778 Terentius
914 714 1214 794 Siciliam,
1264 713 1337 790 Q.
1385 713 1650 778 Fulvius
1696 711 2074 792 Sardiniam,
2121 714 2239 796 Ap.
2285 711 2585 777 Claudius

194 801 562 881 Tarentum,
609 802 690 865 M.
738 800 966 865 Furius
1013 800 1301 865 Galliam.

404 887 498 951 Eo
541 907 709 951 anno
753 886 823 951 L.
870 887 1184 951 Minucius
1229 886 1520 969 Myrtilus
1567 892 1630 950 et
1673 887 1744 950 L.
1786 886 2078 966 ManliuS,
2127 884 2294 967 quod
2338 886 2582 986 legatos

196 972 758 1056 Carthaginienses
815 974 1101 1057 pulsasse
1162 973 1554 1061 dicebantur,
1615 973 1788 1037 iussu
1839 973 1921 1037 M.
1975 972 2220 1037 Claudii
2279 974 2585 1057 praetoris

90 1086 156 1133 10
193 1059 427 1125 urbani
485 1080 599 1144 per
656 1060 904 1125 fetiales
963 1060 1177 1124 traditi
1236 1066 1382 1124 sunt
1440 1060 1665 1142 legatis
1725 1065 1787 1124 et
1846 1058 2296 1142 Carthaginem
2356 1060 2580 1124 avecti.

405 1147 481 1210 In
526 1147 864 1231 Liguribus
909 1147 1125 1231 magni
1171 1147 1318 1212 belli
1364 1152 1427 1211 et
1471 1146 1797 1230 gliscentis
1850 1147 1918 1210 in
1964 1145 2099 1210 dies
2155 1146 2357 1228 magis
2412 1147 2585 1210 fama

192 1239 349 1298 erat.
441 1233 655 1316 itaque
716 1234 1079 1299 consulibus
1130 1233 1331 1317 novis,
1389 1254 1511 1315 quo
1568 1232 1671 1298 die
1726 1233 1811 1310 de,
1864 1233 2201 1317 provinciis
2262 1239 2325 1296 et
2383 1232 2462 1297 de
2517 1253 2584 1297 re

191 1320 453 1403 publica
496 1321 887 1400 rettulerunt,
935 1327 1192 1385 senatus
1238 1321 1519 1401 utrisque
1550 1320 1818 1403 Ligures
1863 1320 2249 1403 provinciam
2283 1319 2579 1384 decrevit.

191 1406 344 1471 huic
384 1414 641 1472 senatus
683 1408 963 1472 consulto
993 1407 1274 1490 Lepidus
1307 1408 1523 1472 consul
1567 1405 2020 1487 intercedebat,
2068 1406 2399 1489 indignum
2445 1426 2582 1471 esse

92 1515 154 1563 15
193 1493 574 1577 praedicans
629 1494 915 1558 consules
975 1494 1195 1559 ambos
1250 1494 1315 1557 in
1370 1494 1570 1559 valles
1622 1492 1925 1577 Ligurum
1987 1491 2242 1573 includi,
2301 1493 2384 1557 M.
2442 1493 2583 1558 Ful-

192 1580 369 1644 vium
417 1585 479 1644 et
525 1581 638 1645 Cn.
672 1581 976 1644 Manlium
1021 1581 1348 1645 biennium
1396 1580 1544 1660 iam,
1590 1581 1858 1644 alterum
1903 1579 1967 1643 in
2000 1579 2270 1664 Europa,
2317 1579 2585 1644 alterum

191 1666 260 1731 in
309 1667 482 1747 Asia,
527 1667 702 1731 velut
745 1687 858 1751 pro
911 1667 1202 1751 Philippo
1257 1673 1448 1749 atque
1501 1666 1813 1732 Antiocho
1874 1666 2245 1731 substitutos
2297 1687 2582 1750 regnare.

194 1753 249 1818 si
295 1753 612 1818 exercitus
657 1754 724 1817 in
769 1752 868 1818 his
911 1754 1093 1818 terris
1148 1773 1287 1819 esse
1341 1754 1611 1837 placeat,
1668 1754 1956 1818 consules
2010 1753 2088 1817 iis
2140 1753 2349 1837 potius
2396 1774 2584 1835 quam

194 1840 473 1923 privatos
518 1860 812 1923 praeesse
858 1847 1162 1924 oportere.
1241 1841 1462 1925 vagari
1510 1861 1617 1906 eos
1664 1861 1807 1905 cum
1852 1840 2001 1904 belli
2047 1845 2280 1905 terrore
2328 1860 2439 1923 per
2477 1860 2580 1903 na-

93 1946 157 1993 20
194 1926 417 2007 tioneS,
466 1928 695 2008 quibus
739 1927 974 1992 bellum
1020 1927 1327 1992 indictum
1369 1949 1497 1993 non
1529 1929 1630 2008 sit,
1676 1947 1901 2011 pacem
1929 1926 2131 2011 pretio
2162 1925 2581 1991 venditantes.

192 2014 247 2079 si
294 2033 403 2078 eas
449 2014 809 2097 provincias
855 2014 1239 2079 exercitibus
1285 2014 1570 2080 obtinere
1616 2034 1774 2098 opus
1821 2020 2005 2094 esset,
2048 2014 2210 2077 sicut
2245 2013 2348 2076 M'.
2382 2013 2584 2078 Acilio

188 2100 262 2165 L.
313 2099 523 2185 Scipio
570 2102 806 2182 consul,
853 2103 922 2166 L.
974 2101 1253 2186 Scipioni
1305 2101 1388 2166 M.
1437 2101 1700 2166 Fulvius
1745 2106 1808 2164 et
1855 2100 1968 2165 Cn.
2020 2099 2290 2163 Manlius
2345 2119 2584 2170 succes-

190 2188 424 2252 sissent
470 2188 777 2269 consules,
824 2189 914 2252 ita
956 2188 1181 2253 Fulvio
1226 2188 1588 2269 Manlioque
1634 2188 1702 2253 C.
1751 2186 2002 2250 Livium
2051 2192 2114 2250 et
2143 2187 2223 2250 M.
2261 2186 2582 2251 Valerium

191 2275 483 2339 consules
525 2274 820 2339 debuisse
860 2273 1216 2339 succedere.
1297 2294 1468 2338 nunc
1509 2281 1696 2354 certe,
1744 2273 2023 2357 perfecto
2069 2273 2350 2337 Aetolico
2396 2274 2580 2354 bello,

92 2377 153 2424 25
190 2367 449 2444 recepta
494 2361 574 2424 ab
619 2360 935 2426 Antiocho
981 2361 1155 2441 Asia,
1205 2360 1472 2426 devictis
1518 2360 1736 2440 Gallis,
1792 2366 1901 2424 aut
1947 2359 2234 2424 consules
2279 2359 2364 2423 ad
2410 2380 2582 2425 exer-

191 2448 357 2512 citus
413 2447 774 2512 consulares
828 2447 993 2511 mitti
1048 2454 1156 2512 aut
1208 2448 1515 2531 reportari
1567 2447 1850 2531 legiones
1903 2445 2053 2511 inde
2105 2445 2411 2528 reddique
2454 2453 2585 2511 tan-

191 2534 340 2599 dem
387 2534 479 2597 rei
525 2534 816 2617 publicae
861 2534 1111 2599 debere.
1191 2542 1449 2598 senatus
1494 2533 1595 2599 his
1639 2532 1873 2598 auditis
1916 2532 1981 2597 in
2029 2533 2344 2598 sententia
2380 2553 2582 2616 perse-

192 2620 459 2700 veravit,
508 2627 579 2684 ut
610 2621 973 2685 consulibus
1014 2622 1323 2687 ambobus
1363 2621 1631 2704 Ligures
1671 2620 1995 2705 provincia
2041 2627 2233 2704 esset3
2280 2620 2583 2684 Manlium

191 2706 615 2788 Fulviumque
678 2706 986 2772 decedere
1040 2706 1120 2772 de
1176 2707 1521 2791 provinciis
1577 2713 1639 2771 et
1694 2707 2007 2772 exercitus
2067 2706 2216 2772 inde
2270 2706 2584 2771 deducere

98 2809 155 2855 30
190 2814 269 2859 ac
315 2793 520 2858 redire
565 2795 836 2858 Romam
881 2794 1134 2877 placuit.

400 2879 633 2944 XLIII.
682 2881 1058 2945 Inimicitiae
1112 2881 1276 2945 inter
1328 2880 1407 2944 M.
1457 2881 1755 2944 Fulvium
1813 2886 1877 2944 et
1928 2880 2008 2944 M.
2058 2880 2394 2944 Aemilium
2443 2900 2582 2945 con-

190 2968 393 3032 sulem
450 2972 647 3047 erant,
707 2973 769 3031 et
823 2987 1011 3050 super
1057 2974 1266 3032 cetera
1317 2967 1626 3031 Aemilius
1680 2967 1879 3030 serius
1933 2966 2189 3030 biennio
2245 2986 2313 3030 se
2365 2986 2581 3032 consu-

189 3054 317 3118 lem
365 3052 602 3116 factum
649 3053 728 3117 M.
777 3053 988 3118 Fulvii
1034 3073 1226 3138 opera
1272 3053 1561 3118 ducebat.
1638 3053 1854 3134 itaque
1907 3050 1991 3116 ad
2036 3051 2340 3116 invidiam
2388 3053 2445 3117 ei
2492 3053 2577 3117 fa·

191 3139 491 3205 ciundam
536 3140 779 3223 legatos
825 3140 1308 3205 Ambracienses
1352 3140 1418 3203 in
1467 3145 1756 3204 senatum
1803 3140 2175 3204 subornatos
2222 3139 2584 3205 criminibus

406 3419 452 3470 1.
488 3416 680 3470 retulit
713 3415 775 3469 B.
810 3417 818 3483 Ι
850 3419 898 3471 3.
935 3415 991 3468 in
1027 3413 1181 3468 italia
1217 3415 1277 3468 B.
1311 3414 1320 3484 Ι
1355 3418 1435 3471 13.
1474 3413 1782 3467 retulerunt
1818 3415 1880 3467 B.
1914 3417 1922 3481 ι
1954 3414 2200 3481 utrisque
2236 3416 2315 3483 M,
2366 3416 2582 3484 utrique

192 3507 285 3559 rel.
312 3506 428 3560 cod.
454 3503 578 3570 (BP)
614 3505 662 3558 et
699 3505 778 3558 ed.
804 3511 901 3559 vet.
935 3504 943 3571 Ι
975 3506 1056 3558 20.
1094 3503 1433 3556 uenditantis
1479 3501 1540 3569 B,
1579 3497 1920 3555 uaendentes
1962 3501 2033 3570 M,
2074 3502 2428 3556 nendicantes
2466 3504 2581 3560 cod.

192 3608 293 3646 ree.
330 3593 452 3656 121.
504 3589 751 3657 optinere
797 3590 858 3643 B.
892 3588 1019 3656 ΙΜ.’
1051 3588 1237 3642 Acilio
1286 3590 1573 3658 Siyonius;
1625 3603 1694 3641 m.
1729 3587 1889 3641 acilio
1934 3588 1996 3642 B.
2031 3591 2155 3655 123.
2202 3588 2272 3640 Μ.
2303 3589 2581 3642 Valerium

195 3679 311 3733 cod.
332 3694 433 3732 r.ec
460 3684 508 3731 et
533 3678 610 3730 ed.
634 3683 759 3743 vet.;
794 3691 838 3730 c.
864 3676 1134 3729 ualerium
1170 3676 1229 3730 B.
1265 3675 1271 3745 Ι
1305 3679 1387 3732 29.
1414 3674 1647 3768 fuluium
1683 3675 1745 3729 B.
1780 3679 1787 3742 Ι
1819 3675 1888 3730 de
1926 3675 2581 3743 provinciis—deducere

197 3783 298 3819 om.
324 3763 385 3817 B.
420 3765 543 3831 134.
582 3718 971 3816 ambracieusis
1006 3763 1068 3815 B.
1100 3767 1107 3829 Ι

2621 1854 2682 1901 11

2624 2291 2686 2337 12

2623 2550 2685 2597 13
