2925 4278
679 133 903 186 LIBER
940 132 1210 188 XXXVI.
1250 133 1405 187 OAP.
1448 137 1527 190 18.
1558 136 1638 188 19.
1680 134 1749 201 [a.
1775 133 1840 187 U.
1868 148 1913 186 c.
1941 134 2084 201 563]
2489 115 2572 178 23

171 307 643 392 longitudinem
690 307 1013 372 hastarum
1060 307 1411 371 subiectum
1457 306 1722 371 haberet
1767 306 2032 371 hostem.
2110 307 2291 370 multi
2337 313 2572 371 temere
2611 327 2642 373 s

175 397 530 460 subeuntes
562 394 796 458 vallum
828 393 1119 457 transfixi
1165 399 1338 475 sunt,
1388 400 1451 458 et
1495 400 1607 457 aut
1652 393 1904 477 incepto
1948 393 2123 457 irrito
2162 393 2573 457 recessissent

174 488 287 546 aut
332 482 549 565 plures
596 479 990 562 cecidissent,
1037 480 1105 543 ni
1151 480 1232 543 M.
1267 481 1524 544 Porcius
1570 479 1651 543 ab
1700 480 1848 563 iugo
1883 479 2262 560 Callidromi,
2310 479 2575 543 deiectis

175 568 328 633 inde
388 567 632 631 Aetolis
693 572 756 630 et
815 587 1052 649 magna
1112 587 1194 630 ex
1256 573 1436 650 parte
1499 566 1702 630 caesis
1769 604 1856 612 —
1924 566 2212 629 incautos
2282 566 2451 628 enim
2513 573 2575 629 et

103 679 137 724 5
176 655 514 738 plerosque
546 653 784 736 sopitos
816 659 1216 737 oppresserat
1245 690 1349 734 —,
1392 672 1581 736 super
1628 652 2064 716 imminentem
2096 652 2318 716 castris
2349 652 2574 717 collem

132 774 145 785 ·
179 740 600 825 apparuisset.

389 826 571 891 XIX.
636 826 864 889 Flacco
909 845 1038 889 non
1087 824 1311 889 eadem
1357 825 1613 890 fortuna
1657 823 1739 888 ad
1785 824 2127 889 Tichiunta
2172 831 2235 888 et
2279 823 2575 888 Rhodun-
2617 846 2641 890 1

177 914 356 993 tiam,
403 913 788 994 nequiquam
836 912 1048 976 subire
1094 911 1177 975 ad
1208 932 1286 975 ea
1317 912 1577 976 castella
1618 917 1861 991 conato,
1908 910 2133 975 fuerat.
2195 910 2576 975 Macedones
2614 933 2643 977 2

179 1000 418 1082 quique
464 999 573 1063 alii
618 999 684 1062 in
732 998 955 1063 castris
1000 998 1194 1081 regiis
1241 1005 1421 1062 erant
1467 999 1689 1082 prim0,
1738 997 1888 1061 dum
1935 997 2153 1081 procul
2199 997 2355 1061 nihil
2403 997 2578 1061 aliud

68 1110 138 1156 10
180 1106 376 1168 quam
436 1087 623 1150 turba
678 1091 741 1150 et
799 1105 1031 1167 agmen
1093 1086 1485 1168 apparebat,
1530 1084 1789 1149 Aetolos
1852 1083 2106 1148 credere
2161 1084 2302 1148 visa
2361 1083 2579 1168 procul

177 1193 402 1257 pugna
448 1171 729 1236 subsidio
778 1172 1021 1254 venire;
1086 1179 1384 1251 ceterum,
1447 1178 1516 1234 ut
1575 1171 1846 1254 primum
1909 1171 2218 1254 signaque
2280 1176 2342 1233 et
2401 1191 2579 1233 arma
2616 1191 2645 1235 3

180 1280 265 1324 ex
314 1258 667 1343 propinquo
716 1258 968 1340 cognita
1013 1278 1284 1322 errorem
1345 1263 1748 1342 aperuerunt,
1811 1264 2025 1321 tantus
2071 1262 2332 1339 repente
2378 1276 2580 1339 pavor

179 1365 404 1410 omnes
452 1345 639 1429 cepit,
685 1351 753 1408 ut
798 1344 1064 1408 abiectis
1095 1344 1288 1408 armis
1334 1344 1644 1428 fugerent.
1712 1349 1775 1407 et
1805 1343 2198 1407 munimenta
2230 1349 2571 1425 sequentes
2609 1362 2641 1407 4

179 1431 630 1516 impedierunt,
693 1437 755 1494 et
813 1431 1147 1514 angustiae
1202 1430 1406 1511 vallis,
1468 1451 1582 1514 per
1643 1450 1832 1512 quam
1894 1428 2202 1511 sequendi
2250 1434 2451 1509 erant,
2516 1436 2579 1492 et

72 1543 140 1589 15
180 1518 464 1582 maxime
511 1518 789 1581 omnium
836 1516 1006 1599 quod
1067 1517 1390 1600 elephanti
1448 1516 1778 1581 novissimi
1837 1515 2114 1600 agminis
2161 1522 2358 1596 erant,
2423 1535 2580 1597 quos

181 1603 385 1688 pedes
444 1623 638 1687 aegre
698 1603 1060 1687 praeterire,
1133 1624 1328 1684 eques
1387 1604 1560 1668 nullo
1620 1608 1867 1686 poterat
1928 1601 2133 1681 modo,
2207 1602 2578 1667 timentibus

184 1690 368 1772 equis
412 1690 874 1771 tumultumque
920 1690 1083 1753 inter
1128 1710 1197 1755 se
1242 1690 1543 1754 maiorem
1593 1709 1785 1772 quam
1831 1690 1895 1752 in
1942 1689 2180 1773 proelio
2214 1688 2577 1769 edentibus3

183 1777 582 1859 aliquantum
643 1776 944 1860 temporis
1013 1782 1077 1840 et
1137 1775 1404 1859 direptio
1470 1782 1813 1840 castrorum
1875 1776 2095 1840 tenuit.
2190 1774 2588 1858 Scarpheam·
2616 1796 2647 1841 5

184 1871 397 1927 tamen
432 1883 507 1928 eo
540 1862 644 1927 die
677 1864 996 1927 consecuti
1044 1870 1189 1927 sunt
1235 1862 1501 1927 hostem.
1566 1862 1780 1925 multis
1823 1862 1890 1924 in
1936 1862 2073 1945 ipso
2118 1861 2344 1925 itinere
2377 1861 2579 1925 caesis
2618 1882 2648 1927 6

71 1976 143 2022 -20
184 1949 535 2033 captisque,
583 1969 708 2013 non
758 1949 937 2030 equis
983 1949 1262 2031 virisque
1295 1955 1563 2028 tantum,
1612 1947 1725 2013 sed
1773 1949 1963 2012 etiam
1997 1947 2372 2030 elephantiS,
2420 1967 2578 2028 quos

184 2056 411 2119 capere
473 2056 600 2100 non
662 2041 1017 2118 potuerant,
1088 2034 1457 2118 interfectis,
1520 2035 1586 2098 in
1648 2040 1856 2099 castra
1915 2040 2342 2117 reverterunt3
2416 2053 2578 2115 quae
2621 2055 2647 2101 7

180 2128 494 2206 temptata
525 2143 600 2187 eo
632 2120 735 2187 die
782 2122 946 2186 inter
989 2122 1195 2205 ipsum
1228 2142 1484 2205 pugnae
1517 2128 1767 2205 tempus
1797 2121 1879 2186 ab
1913 2121 2172 2201 Aetolis,
2205 2120 2577 2185 Heracleam

182 2210 620 2275 obtinentibus
688 2208 1028 2292 praesidi0‚
1102 2208 1239 2273 sine
1309 2209 1434 2273 ullo
1497 2208 1669 2272 haud
1736 2228 1960 2292 parum
2020 2208 2283 2272 audacis
2344 2207 2579 2290 incepti

182 2297 412 2360 effectu
463 2295 732 2360 fuerant.
796 2295 1015 2359 consul
1060 2296 1264 2361 noctis
1309 2295 1704 2378 insequentis
1751 2295 1937 2359 tertia
1966 2295 2188 2377 vigilia
2232 2294 2579 2377 praemisso
2619 2313 2649 2359 s

69 2408 139 2454 25
183 2384 471 2464 equitatu
517 2381 601 2445 ad
660 2381 1168 2464 persequendum
1230 2381 1494 2462 hostem,
1557 2381 1742 2463 signa
1798 2381 2120 2465 legionum
2178 2380 2318 2444 luce
2378 2380 2583 2462 prima

181 2469 398 2533 movit.
479 2468 873 2549 aliquantum
920 2468 1064 2532 viae
1110 2474 1524 2551 praeceperat
1569 2487 1704 2547 rex,
1752 2473 1822 2531 ut
1868 2467 1975 2549 qui
2019 2487 2147 2531 non
2192 2473 2342 2529 ante
2390 2485 2581 2546 quam
2621 2489 2649 2532 ο

180 2754 334 2816 qunt.
385 2749 393 2812 1
444 2749 493 2801 3.
533 2746 864 2800 occidissent
906 2747 969 2814 B,
1017 2748 1131 2801 cod.
1179 2748 1400 2804 Gaertn.
1451 2748 1458 2814 1
1511 2750 1558 2800 5.
1608 2744 1802 2798 collem
1847 2761 2016 2812 quum
2064 2744 2412 2812 apparuisset
2457 2743 2527 2797 M.
2575 2744 2579 2810 l

181 2838 228 2888 7.
271 2832 587 2886 roduntiam
625 2833 687 2887 B.
721 2835 728 2898 Ι
760 2837 808 2890 8.
847 2832 1035 2886 subire
1073 2832 1144 2885 ab
1184 2847 1250 2885 ea
1284 2833 1346 2886 B.
1380 2836 1387 2899 1
1421 2836 1470 2887 9.
1507 2832 1562 2885 in
1597 2831 1793 2885 castris
1829 2831 1978 2899 regis
2015 2837 2171 2885 erant
2195 2830 2257 2896 Β,
2294 2831 2349 2883 in
2386 2829 2583 2882 castris

177 2920 406 2973 fuerant
442 2918 611 2987 regiis
647 2919 739 2972 M?
787 2922 796 2985 1
844 2918 1010 2972 nichil
1050 2918 1187 2972 aliut
1222 2919 1284 2972 B.
1335 2921 1342 2985 Ι
1395 2922 1475 2974 12.
1515 2934 1585 2972 ex
1621 2918 1929 2987 propinquo
1965 2918 2036 2986 M,
2075 2920 2355 2988 Moyunt.;
2400 2931 2469 2969 ex
2505 2916 2583 2968 in-

176 3005 409 3074 prouiso
446 3005 510 3073 B,
549 3008 662 3061 eod.
698 3023 799 3061 ree.
834 3008 991 3073 (Lov.
1017 3007 1076 3072 2)
1111 3013 1161 3060 et
1196 3008 1276 3060 ed.
1310 3008 1599 3075 antiquiss.
1650 3009 1658 3071 Ι
1708 3004 1929 3074 cognite
1953 3019 2060 3073 cpre
2098 3007 2433 3071 aperuerunt
2468 3002 2530 3056 B.
2575 3002 2580 3071 1

183 3095 271 3147 13.
309 3091 486 3145 omnis
522 3091 583 3146 B.
617 3094 624 3158 1
656 3093 938 3160 sequentis
974 3093 1037 3146 B.
1072 3095 1078 3158 Ι
1115 3095 1194 3148 14.
1231 3092 1603 3160 impedierunt
1639 3092 1934 3161 angustiae
1971 3092 2033 3145 B.
2076 3092 2082 3161 Ι
2119 3095 2197 3146 15.
2236 3089 2476 3143 omnium
2512 3089 2584 3156 M,

180 3179 395 3245 Aldus;
441 3197 545 3233 om.
591 3181 684 3233 rel.
723 3181 839 3234 cod.
878 3178 965 3247 (B)
1002 3186 1052 3233 et
1087 3180 1167 3234 ed.
1205 3181 1493 3248 antiquiss.
1544 3181 1552 3244 Ι
1603 3183 1683 3234 17.
1724 3177 2018 3233 edentibus
2054 3178 2133 3244 M3
2179 3175 2441 3229 dantibus
2489 3177 2583 3230 rel.

184 3265 305 3320 cod.
341 3265 428 3332 (B)
467 3272 515 3319 et
551 3266 632 3319 ed.
659 3272 754 3319 vet.
804 3267 812 3330 Ι
865 3269 944 3321 18.
984 3270 1040 3318 et
1078 3265 1312 3333 direptio
1349 3266 1420 3333 M,
1467 3267 1679 3329 Aldus,·
1728 3264 1966 3332 direptio
2011 3266 2104 3318 rel.
2144 3264 2259 3319 eod.
2296 3262 2384 3329 (B)
2419 3268 2467 3316 et
2503 3263 2583 3315 ed.
2643 3260 2647 3264 ’

183 3352 478 3420 antiquiss
529 3353 539 3417 Ι
588 3349 831 3404 obtinuit
865 3351 936 3405 M.
987 3354 995 3417 1
1048 3351 1382 3419 Scarpheam
1420 3353 1814 3406 Drakenborch
1847 3353 1911 3404 in
1946 3352 2105 3418 adn.;
2150 3348 2458 3417 scarphiam
2493 3348 2586 3401 M?

186 3437 282 3505 S‘?‚
317 3439 398 3493 ed.
434 3440 599 3494 Basil
633 3443 787 3505 1535,
834 3438 1108 3507 carpeiam
1145 3440 1260 3495 eod.
1298 3456 1397 3494 ree.
1436 3440 1594 3505 (Lov.
1620 3442 1693 3507 2),
1739 3438 2007 3505 tarpeiam
2044 3437 2107 3505 B,
2147 3437 2217 3490 ad
2254 3436 2584 3505 Scarpheam

194 3526 578 3580 Weissenborn
632 3527 710 3579 ed.
759 3527 958 3580 Teubn.
997 3529 1178 3595 praef.
1219 3543 1279 3594 p.
1316 3526 1551 3580 XVIII.
1603 3528 1611 3592 Ι
1660 3529 1744 3580 21.
1790 3529 2084 3592 potuerant
2128 3526 2245 3580 cod.
2281 3542 2382 3579 rec.
2419 3530 2469 3577 et
2504 3523 2582 3576 ed.

187 3618 287 3668 vet.
325 3629 462 3681 quas
498 3614 616 3666 vidi
653 3630 863 3678 omnes;
896 3616 1152 3679 poterant
1186 3612 1233 3664 B
1268 3619 1318 3666 et
1360 3629 1460 3667 rec.
1501 3614 1659 3679 (Lov.
1696 3615 1768 3679 2).
1812 3614 1819 3678 Ι
1860 3614 1944 3666 24.
1985 3612 2218 3665 effectus
2253 3609 2435 3663 fuerat
2470 3607 2532 3660 B.

188 3702 275 3753 25.
320 3698 446 3752 luce
491 3698 669 3767 prima
704 3699 750 3752 B
789 3707 838 3754 et
871 3717 971 3755 ree.
1011 3701 1165 3766 (Lov.
1193 3702 1278 3767 2);
1322 3699 1500 3767 prima
1543 3699 1667 3752 luce
1716 3701 1785 3754 al.
1825 3717 1926 3755 ree.
1964 3706 2013 3754 et
2048 3700 2128 3754 ed.
2167 3705 2259 3753 vet.
2313 3699 2320 3763 1
2370 3699 2452 3751 26.
2491 3695 2588 3747 re'x

189 3804 291 3840 om.
332 3785 394 3839 B.
427 3791 437 3853 1
