2925 4278
19 1144 79 1189 10

25 1574 82 1620 15

23 2005 83 2051 20

25 2437 84 2483 25

615 172 837 225 LIBER
876 171 1143 225 XXXVI.
1183 170 1348 225 CAP.
1386 174 1470 226 20.
1498 175 1582 227 21.
1624 173 1693 241 [a.
1722 172 1787 227 U.
1813 188 1858 227 c.
1886 175 2027 240 563}
2430 158 2514 221 25

328 347 505 409 Inter
548 346 751 430 ipsum
794 366 1052 429 pugnae
1093 352 1342 429 tempus
1388 345 1610 409 decem
1654 366 1855 411 naves
1900 347 2114 430 regiae
2147 367 2290 411 cum
2336 368 2511 431 prae·
2550 370 2581 416 5

114 432 286 496 fecto
334 431 577 496 Isidoro
623 431 705 496 ad
751 432 1100 497 Thronium
1160 432 1228 495 in
1275 432 1417 496 sinu
1462 432 1730 497 Maliaco
1792 432 2064 498 stabant.
2159 453 2234 497 eo
2294 434 2512 517 gravis

114 519 488 583 vulneribus
547 518 914 583 Alexander
959 518 1274 599 Acarnan,
1337 519 1599 583 nuntius
1657 518 1969 584 adversae
2027 540 2305 603 pugnae,
2370 541 2514 584 cum

114 605 522 689 perfugisset,
570 604 856 688 trepidae
903 605 1052 669 inde
1083 605 1323 669 recenti
1355 611 1593 670 terrore
1624 625 1826 671 naves
1858 607 2182 671 Cenaeum
2214 606 2514 671 Euboeae

117 691 456 775 petierunt.
549 691 638 756 ibi
698 698 980 756 mortuus
1042 691 1451 775 sepultusque
1513 691 1896 756 Alexander.
1991 698 2136 775 tres,
2203 712 2366 774 quae
2430 713 2513 757 ex
2554 716 2585 761 6

119 777 274 842 Asia
334 776 658 861 profectae
720 777 992 842 eundem
1070 783 1318 861 portum
1379 783 1737 859 tenuerunt,
1800 798 2001 843 naves
2061 778 2280 842 audita
2340 798 2515 843 exer·

118 864 282 928 citus
324 862 502 928 clade
533 864 857 947 Ephesum
903 863 1242 929 redierunt.
1308 862 1589 929 Isidorus
1620 865 1702 929 ab
1736 865 1990 930 Cenaeo
2021 864 2515 944 Demetriadem,

117 950 169 1014 si
232 949 397 1015 forte
444 970 519 1014 eo
564 950 840 1016 deferret
900 951 1057 1035 fuga
1115 970 1351 1034 regem,
1416 950 1682 1014 traiecit.
1775 972 1889 1035 per
1948 951 2206 1017 eosdem
2253 951 2391 1016 dies
2436 951 2512 1015 A.
2555 972 2582 1019 7

115 1035 351 1101 Atilius
410 1036 771 1119 praefectus
830 1040 1155 1102 Romanae
1216 1037 1438 1101 classis
1500 1056 1767 1120 magnos
1833 1038 2043 1120 regios
2107 1043 2515 1118 commeatuS,

117 1122 244 1186 iam
276 1122 531 1202 fretum,
578 1123 748 1205 quod
777 1123 859 1187 ad
891 1123 1179 1187 Andrum
1223 1123 1498 1188 insulam
1531 1130 1646 1203 est,
1694 1130 2183 1206 praetervectOS,
2234 1124 2515 1209 excepit3

116 1209 276 1273 alias
339 1209 575 1289 mersit,
637 1210 794 1274 alias
842 1210 1009 1294 cepit
1068 1230 1296 1293 naves3
1359 1230 1524 1290 quae
1586 1210 1914 1273 novissimi
1973 1211 2249 1293 agminis
2310 1217 2512 1291 erant,
2553 1231 2584 1276 s

117 1315 371 1359 cursum
432 1295 498 1359 in
558 1296 779 1361 Asiam
839 1302 1177 1360 verterunt.
1284 1296 1518 1360 Atilius
1579 1296 1891 1375 Piraeum,
1962 1296 2133 1360 unde
2192 1296 2516 1379 profectus

117 1388 270 1461 erat,
345 1402 489 1446 cum
556 1383 812 1465 agmine
875 1382 1267 1465 captivarum
1339 1383 1598 1446 navium
1666 1387 1957 1446 revectus
2019 1402 2320 1465 magnam
2384 1384 2513 1446 vim

116 1467 419 1532 frumenti
468 1475 531 1533 et
562 1468 1060 1533 Atheniensibus
1107 1475 1171 1532 et
1214 1468 1355 1533 aliis
1401 1467 1688 1532 eiusdem
1733 1468 2011 1550 regionis
2056 1469 2243 1533 sociis
2275 1468 2511 1534 divisit.

327 1555 507 1619 XXI.
582 1554 934 1620 Antiochus
996 1555 1113 1619 sub
1174 1554 1521 1619 adventum
1584 1555 1856 1619 consulis
1915 1575 1956 1619 a
2018 1554 2322 1621 Chalcide
2381 1576 2515 1639 pro·
2557 1576 2580 1621 1

117 1640 326 1705 fectus
372 1642 622 1705 Tenum
684 1641 887 1725 primo
948 1642 1171 1721 tenuit,
1234 1640 1383 1705 inde
1428 1640 1755 1724 Ephesum
1816 1642 2183 1707 transmisit.
2278 1642 2519 1707 consuli

120 1727 487 1793 Chalcidem
549 1729 832 1792 venienti
891 1734 1111 1812 portae
1181 1734 1541 1810 patuerunt,
1615 1747 1758 1791 cum
1827 1727 2379 1812 appropinquante
2441 1748 2516 1792 eo
2556 1748 2586 1793 2

118 1815 491 1879 Aristoteles
551 1814 913 1899 praefectus
973 1813 1142 1896 regis
1201 1814 1358 1877 urbe
1414 1813 1814 1878 excessisset.
1909 1821 1972 1877 et
2020 1820 2269 1878 ceterae
2329 1814 2518 1879 urbes
2554 1834 2585 1879 3

119 1900 184 1963 in
232 1901 498 1965 Euboea
543 1902 680 1965 sine
728 1901 1072 1965 certamine
1118 1899 1417 1983 traditae;
1467 1906 1610 1983 post
1654 1919 2020 1982 paucosque
2052 1900 2189 1965 dies
2219 1901 2515 1965 omnibus

118 1986 480 2070 perpacatis
528 1987 664 2051 sine
708 1987 897 2051 ullius
942 2006 1116 2050 noxa
1173 1986 1349 2050 urbis
1410 1985 1728 2050 exercitus
1773 1985 2239 2069 Thermopylas
2299 1985 2515 2051 reduc-

118 2080 240 2154 tus,
286 2074 485 2137 multo
525 2072 834 2138 modestia
878 2079 1022 2158 post
1052 2072 1380 2137 victoriam
1413 2091 1603 2154 quam
1649 2072 1792 2157 ipsa
1821 2072 2088 2137 victoria
2118 2071 2511 2137 laudabilior.

118 2160 268 2225 inde
314 2161 535 2225 consul
580 2162 660 2224 M.
712 2162 1037 2239 Catonem,
1100 2173 1233 2243 per'
1275 2179 1462 2241 quem
1509 2178 1672 2240 quae
1733 2167 1916 2242 gesta
1977 2166 2193 2225 essent
2255 2166 2514 2225 senatus
2551 2180 2583 2226 4

117 2248 515 2330 populusque
560 2248 885 2312 Romanus
945 2246 1118 2310 haud
1163 2245 1355 2310 dubio
1415 2252 1671 2310 auctore
1732 2246 1940 2327 sciret,
2002 2248 2270 2311 Romam
2326 2246 2514 2311 misit.

118 2334 171 2397 is
231 2354 271 2397 a
332 2334 575 2399 Creusa
590 2333 1150 2417 —Thespiensium
1213 2331 1559 2415 emporium
1622 2338 1738 2412 est,
1801 2333 1866 2396 in
1928 2333 2152 2397 intimo
2213 2333 2355 2397 sinu
2405 2334 2514 2398 Co·
2555 2354 2584 2398 5

118 2419 431 2484 rinthiaco
491 2426 832 2483 retractum
866 2457 948 2465 —
980 2421 1201 2483 Patras
1245 2418 1529 2483 Achaiae
1591 2418 1776 2502 petit3
1839 2439 1880 2483 a
1924 2420 2132 2484 Patris
2178 2420 2521 2501 Corcyram

117 2526 317 2588 usque
365 2505 655 2570 Aetoliae
700 2512 894 2587 atque
939 2505 1339 2569 Acarnaniae
1398 2504 1611 2568 littora
1654 2505 1829 2588 legit,
1892 2510 2081 2585 atque
2127 2505 2218 2568 ita
2264 2504 2348 2569 ad
2392 2504 2521 2586 Hy·

118 2591 412 2657 druntem
459 2592 683 2657 Italiae
727 2592 955 2656 traicit.
1049 2592 1269 2673 quinto
1316 2589 1421 2654 die
1469 2589 1618 2654 inde
1663 2590 1944 2673 pedestri
1991 2591 2219 2655 itinere
2253 2591 2522 2654 Romam
2561 2610 2591 2654 6

119 2679 364 2762 ingenti
413 2698 598 2743 cursu
642 2679 951 2762 pervenit.
1040 2684 1188 2741 ante
1232 2678 1439 2741 lucem
1486 2676 1811 2759 ingressus
1857 2676 2079 2741 urbem
2124 2697 2165 2741 a
2210 2683 2395 2760 porta
2438 2675 2522 2740 ad

117 2867 283 2922 factis
319 2868 438 2936 (sed
472 2869 681 2923 litterae
715 2883 746 2920 c
783 2875 832 2922 et
867 2871 893 2919 t
928 2869 1021 2921 alt.
1072 2885 1241 2921 manu
1278 2868 1565 2933 correctae)
1601 2866 1664 2920 B.
1713 2869 1723 2933 Ι
1772 2870 1820 2921 2.
1867 2865 2170 2921 Thronium
2211 2867 2526 2933 Sabalia-5,

118 2956 197 3010 ed.
226 2956 362 3009 Par.
389 2957 556 3021 1510‚·
589 2952 904 3007 thoronium
930 2953 992 3020 B,
1026 2952 1348 3007 thorontum
1375 2954 1682 3020 (toruntum
1701 2955 1835 3009 Lov.
1861 2956 1915 3020 2)
1951 2954 2067 3009 cod.
2101 2971 2202 3008 rec.
2235 2955 2243 3018 Ι
2275 2955 2324 3006 3.
2352 2951 2525 3004 Acar-

18 3099 23 3104 ,
120 3058 231 3095 nan
284 3042 367 3096 ed.
411 3042 590 3096 Basil.
632 3044 768 3095 1531
779 3060 798 3108 ;
849 3055 1183 3093 acarnanum
1240 3040 1353 3096 cod.
1402 3046 1451 3094 et
1496 3041 1576 3094 ed.
1626 3042 1912 3109 antiquiss.
1972 3041 1979 3104 Ι
2036 3042 2086 3093 4.
2135 3053 2365 3093 ceneum
2408 3038 2471 3091 B.
2515 3037 2521 3105 1

120 3131 168 3184 6.
215 3130 518 3181 tenuerant
559 3127 630 3194 M,
674 3127 873 3181 Aldus.
922 3126 933 3190 Ι
982 3130 1029 3181 7.
1076 3140 1281 3179 caeneo
1326 3125 1388 3179 B.
1439 3127 1449 3190 Ι
1501 3129 1583 3180 11.
1621 3141 1859 3194 nauesq3
1912 3124 2198 3180 nouissimi
2242 3125 2306 3192 B,
2352 3138 2526 3177 naues

120 3230 265 3282 quae
321 3213 659 3267 nouissimae
708 3214 823 3269 cod.
878 3231 979 3268 rec.
1018 3219 1068 3267 et
1124 3214 1204 3266 ed.
1251 3214 1539 3281 antiquiss.
1599 3215 1609 3278 Ι
1671 3216 1751 3267 15.
1799 3211 1903 3265 sub
1957 3212 2203 3265 aduentu
2263 3212 2378 3266 cod.
2424 3228 2524 3265 rec.

120 3304 282 3367 (Lov.
309 3303 369 3367 2)
406 3307 456 3354 et
492 3301 572 3354 ed.
610 3306 735 3354 ante
769 3301 996 3366 Aldum,
1035 3297 1283 3351 aduentu
1320 3301 1454 3355 Lov.
1482 3304 1531 3353 1.
1574 3301 1583 3364 Ι
1628 3301 1707 3353 16.
1748 3298 1962 3351 Tenum
2007 3300 2340 3363 Glareanu33
2376 3301 2527 3350 tene-

124 3387 257 3440 dum
293 3388 412 3444 cod.
451 3385 539 3454 (B)
575 3392 625 3440 et
659 3387 739 3440 ed.
777 3393 890 3452 vet„
928 3391 1153 3438 teneum
1199 3385 1297 3440 Ox.
1335 3385 1400 3438 N.
1434 3386 1443 3449 Ι
1480 3388 1560 3440 19.
1605 3388 1736 3453 post
1770 3398 2088 3452 paucosque
2124 3382 2246 3436 dies
2282 3382 2363 3450 M,
2397 3398 2529 3451 pau-

127 3489 281 3542 cosq3
319 3489 358 3542 p
395 3472 517 3525 dies
552 3471 617 3538 B,
654 3473 770 3526 cod.
807 3490 908 3527 rec.
948 3479 997 3526 et
1021 3472 1101 3525 ed.
1127 3478 1242 3539 vet„
1280 3485 1599 3538 paucosque
1637 3470 1757 3523 dies
1794 3471 1903 3525 duo
1929 3471 2045 3526 cod.
2070 3487 2172 3525 rec.
2206 3470 2213 3537 Ι
2246 3473 2329 3524 21.
2356 3469 2529 3522 multa

129 3560 189 3628 B,
223 3561 343 3617 cod.
380 3577 484 3615 rec.
522 3565 586 3612 et.
623 3559 704 3612 ed.
742 3560 1028 3626 antiquiss.
1062 3561 1070 3625 1
1103 3559 1185 3612 24.
1224 3555 1458 3610 chreusa
1483 3556 1544 3610 B.
1578 3559 1587 3624 Ι
1617 3556 1898 3624 inpurium
1922 3556 1984 3609 B.
2017 3558 2027 3623 Ι
2058 3555 2294 3609 corinthi
2328 3555 2529 3609 achore

133 3650 463 3700 tractactum
496 3644 560 3698 B.
603 3647 611 3711 Ι
650 3647 735 3699 26.
772 3643 1109 3712 hydruntem
1145 3645 1226 3698 ed.
1263 3645 1553 3712 antiquiss.
1564 3664 1584 3710 ‚·
1626 3642 1939 3696 hidruntem
1976 3643 2039 3711 B,
2083 3641 2413 3712 hydrontem
2449 3643 2530 3696 vel

137 3730 415 3786 Idruntem
461 3733 544 3788 vel
587 3729 893 3800 ydruntum
939 3731 1054 3786 cod.
1101 3747 1220 3798 rec„
1266 3733 1337 3798 cf.
1383 3733 1583 3799 eplaem.
1622 3731 1811 3785 Austr.
1847 3733 2001 3784 1892.
2051 3732 2059 3795 1
2108 3732 2192 3783 27.
2229 3727 2411 3782 traicit
2454 3727 2527 3794 B,

140 3820 351 3874 traiecit
384 3819 503 3875 cod.
541 3835 643 3873 rec.
680 3824 729 3873 et
764 3819 845 3872 ed.
882 3824 978 3873 vet.
1012 3819 1019 3882 Ι
