2925 4278
641 192 868 246 LIBER
905 192 1233 247 xxxvm.
1271 192 1438 247 CAP.
1468 196 1550 249 24.
1578 196 1661 249 25.
1703 193 1770 261 [a.
1797 193 1863 248 U.
1889 208 1933 246 ο.
1962 193 2100 261 565J.
2442 174 2560 237 147

172 366 535 432 horrentem
579 386 619 429 a
662 366 1016 430 voluntario
1061 365 1305 431 videret
1350 374 1586 450 stuprO,
1634 367 1897 450 corpori,
1948 365 2115 449 quod
2147 386 2401 431 servum
2444 365 2564 431 for-

171 461 328 518 tuna
371 458 528 532 erat‚
575 452 705 517 vim
749 452 919 517 fecit.
1011 450 1242 518 deinde
1287 452 1370 517 ad
1414 451 1778 518 leniendam
1809 452 2255 537 indignitatem
2295 452 2563 517 iniuriae
2628 463 2669 510 ⁴4

169 560 353 624 spem
397 538 639 604 reditus
683 538 767 603 ad
813 559 959 605 suos
1003 539 1249 604 mulieri
1293 539 1467 621 facit,
1516 546 1579 604 et
1610 561 1692 605 ne
1725 561 1865 605 eam
1898 540 2173 622 quidem,
2207 546 2277 604 ut
2318 559 2562 621 amans,

165 626 533 711 gratuitam.
626 633 793 691 certo
839 626 975 690 auri
1019 626 1299 710 pondere
1344 634 1590 710 pactus,
1623 648 1704 692 ne
1736 647 1925 709 quem
1958 647 2209 693 suorum
2241 626 2564 691 conscium

99 735 130 782 5
168 714 458 793 haberet,
503 712 628 797 ipsi
672 712 994 796 permittit,
1042 721 1130 793 ut,
1187 733 1372 796 quem
1422 715 1633 794 vellet,
1691 735 1888 779 unum
1942 734 2024 778 ex
2085 713 2355 797 captivis
2409 734 2564 777 nun-

168 800 330 865 tium
375 799 462 864 ad
506 819 654 865 suos
697 800 990 864 mitteret.
1081 800 1289 865 locum
1334 820 1533 885 prope
1576 800 1812 866 flumen
1858 800 2198 881 constituit,
2249 820 2372 882 quo
2418 798 2562 879 duo,
2636 813 2667 859 5

169 908 256 952 ne
301 887 467 971 plus,
514 886 855 952 necessarii
903 886 1197 969 captivae
1245 908 1388 952 cum
1432 908 1586 953 auro
1634 888 1926 953 venirent
1968 893 2154 953 nocte
2185 851 2567 969 insequenti

168 973 258 1039 ad
305 993 451 1037 eam
495 972 951 1056 accipiendam.
1045 973 1204 1038 forte
1249 974 1449 1057 ipsius
1498 975 1777 1040 mulieris
1809 995 2053 1040 servus
2074 975 2242 1052 inter
2275 974 2562 1058 captivos
2636 986 2666 1032 6

170 1059 462 1127 eiusdem
532 1059 853 1124 custodiae
914 1066 1068 1124 erat
1167 1060 1337 1125 hunc
1396 1062 1686 1126 nuntium
1755 1046 1975 1145 primis
2033 1062 2314 1126 tenebris
2383 1067 2566 1125 extra

75 1168 133 1216 10
170 1147 483 1213 stationes
551 1146 831 1210 centurio
900 1145 1127 1211 educit.
1221 1154 1406 1212 nocte
1473 1148 1835 1230 insequenti
1898 1155 1962 1212 et
2029 1146 2152 1212 duo
2220 1146 2563 1213 necessarii
2639 1160 2667 1207 7

169 1233 456 1298 mulieris
499 1232 584 1297 ad
630 1234 1037 1298 constitutum
1095 1235 1298 1299 locum
1361 1240 1423 1298 et
1492 1234 1774 1300 centurio
1844 1254 1986 1299 cum
2056 1235 2310 1318 captiva
2370 1234 2561 1298 venit.

15 1318 20 1403 j
168 1321 281 1386 ubi
331 1340 475 1385 cum
521 1339 743 1383 aurum
788 1320 1211 1401 ostenderent,
1259 1320 1429 1404 quod
1460 1341 1769 1385 summam
1802 1322 2022 1386 talenti
2053 1321 2246 1385 Attici
2288 1358 2370 1366 —
2401 1319 2564 1384 tanti
2637 1333 2668 1381 8

170 1409 345 1472 enim
391 1406 723 1491 pepigerat
766 1445 852 1453 -—
899 1408 1203 1490 expleret,
1252 1409 1476 1472 mulier
1529 1408 1749 1490 lingua
1808 1428 1943 1489 sua,
2007 1408 2387 1492 stringerent
2448 1407 2566 1471 fer-

170 1515 313 1559 rum
359 1500 425 1558 et
468 1494 898 1558 centurionem
943 1501 1318 1576 pensantem
1362 1515 1585 1559 aurum
1631 1495 2008 1573 occiderent,
2055 1494 2408 1578 imperavit.
2480 1495 2568 1558 iu·
2640 1508 2670 1555 9

79 1601 137 1648 15
173 1581 373 1665 gulati
437 1580 794 1664 praecisum
857 1587 1048 1663 caput
1100 1581 1243 1664 ipsa
1294 1582 1648 1645 involutum
1712 1588 1889 1647 veste
1953 1581 2166 1646 ferens
2222 1580 2308 1644 ad
2363 1581 2570 1645 virum

178 1667 654 1751 Orgiagontem,
703 1667 809 1748 qui
855 1667 937 1732 ab
985 1667 1258 1750 Olympo
1304 1666 1562 1732 domum
1607 1667 1949 1751 refugerat,
1995 1668 2319 1752 pervenit;
2384 1688 2573 1750 quem

181 1754 548 1837 priusquam
596 1754 1132 1837 complecteretur,
1182 1761 1370 1839 caput
1416 1755 1801 1821 centurionis
1830 1762 1981 1820 ante
2011 1754 2209 1838 pedes
2240 1754 2377 1820 eius
2407 1756 2574 1820 abie-

189 1839 293 1920 cit,
334 1841 734 1922 mirantique‚
781 1841 1110 1905 cuiusnam
1155 1840 1223 1906 id
1269 1849 1459 1926 caput
1505 1842 1778 1907 hominis
1823 1848 1932 1906 aut
1978 1841 2145 1924 quod
2204 1841 2270 1906 id
2327 1841 2576 1906 facinus
2616 1856 2678 1902 10

191 1926 677 2009 haudquaquam
723 1927 1028 1992 muliebre
1074 1935 1262 2009 esset,
1325 1936 1388 1993 et
1447 1929 1746 1994 iniuriam
1808 1929 2083 2013 corporis
2144 1934 2210 1993 et
2272 1929 2575 1993 ultionem

85 2034 149 2081 20
187 2014 459 2079 violatae
505 2034 619 2098 per
663 2013 794 2078 vim
840 2013 1184 2116 pudicitiae
1231 2015 1523 2080 confessa
1554 2016 1690 2082 viro
1724 2022 1839 2097 est,
1873 2016 2141 2098 aliaque,
2187 2021 2259 2079 ut
2289 2015 2575 2095 traditur,

183 2101 525 2167 sanctitate
570 2106 633 2166 et
677 2101 992 2184 gravitate
1037 2102 1208 2168 vitae
1254 2102 1440 2168 huius
1487 2103 1853 2169 matronalis
1898 2101 2195 2201 facinoris
2255 2100 2450 2168 decus
2494 2066 2579 2166 ad

184 2188 478 2254 ultimum
525 2189 941 2253 conservavit.

395 2275 599 2339 XXV.
649 2273 750 2339 Ad
795 2276 1120 2358 Ancyram
1165 2275 1236 2339 in
1277 2276 1511 2340 stativa
1555 2283 1834 2346 oratores
1864 2278 2285 2359 Tectosagum
2324 2274 2407 2338 ad
2440 2294 2579 2339 con·
2654 2290 2679 2335 1

184 2363 391 2427 sulem
437 2367 748 2427 venerunt
792 2368 1104 2445 petentes,
1151 2382 1232 2426 ne
1291 2369 1440 2426 ante
1506 2360 1610 2449 [ab
1672 2362 1949 2449 Ancyra]
2015 2370 2221 2428 castra
2278 2366 2579 2442 moveret,

91 2468 148 2516 25
187 2469 382 2532 quam
429 2448 770 2514 collocutus
817 2469 958 2513 cum
1007 2447 1136 2512 suis
1181 2449 1438 2531 regibus
1486 2456 1688 2513 esset:
1737 2450 1941 2514 nullas
1974 2449 2375 2515 condiciones
2406 2448 2582 2532 pacis

183 2537 266 2602 iis
315 2555 444 2599 non
489 2535 653 2599 bello
698 2535 833 2600 fore
880 2534 1171 2619 potioreS.
1264 2542 1515 2618 tempus
1560 2535 1627 2600 in
1672 2542 1992 2619 posterum
2051 2535 2218 2601 diem
2265 2535 2582 2600 constitui·
2654 2549 2684 2594 2

183 2631 295 2688 tur
337 2622 659 2704 locusque,
706 2623 816 2704 qui
861 2621 1108 2687 medius
1151 2622 1432 2686 maxime
1493 2622 1665 2686 inter
1726 2631 1934 2687 castra
1980 2623 2297 2688 Gallorum
2355 2629 2419 2686 et
2462 2622 2585 2685 An-

184 2729 414 2794 cyram
460 2714 557 2774 est
601 2710 794 2775 visus.
890 2729 1012 2791 quo
1058 2728 1202 2773 cum
1232 2709 1449 2774 consul
1480 2706 1564 2774 ad
1596 2715 1845 2793 tempus
1878 2730 2021 2774 cum
2061 2708 2378 2794 praesidio
2411 2708 2584 2791 quin·
2658 2723 2687 2768 3

405 2904 450 2956 1.
499 2899 741 2969 corporis
789 2899 854 2952 B.
886 2898 1149 2965 {fortuna
1192 2898 1403 2952 fecerat
1448 2902 1588 2955 coni.
1623 2903 1670 2954 Ι.
1706 2901 1776 2954 F.
1807 2901 2116 2956 Gronovius
2155 2903 2422 2970 probante
2465 2899 2586 2954 Ore—

184 2992 378 3046 m‘erio.
411 2993 420 3054 Ι
452 2991 501 3043 3.
539 2993 602 3041 ut
646 3002 849 3041 avarus
885 2989 1022 3043 coni.
1057 2989 1231 3042 Koch.
1264 2989 1273 3054 Ι
1303 2991 1352 3042 4.
1391 2987 1683 3040 cratuitam
1718 2987 1781 3040 B.
1815 2990 1822 3052 Ι
1856 2990 1904 3042 6.
1941 3002 2052 3056 quo
2098 2987 2209 3041 duo
2255 3003 2324 3041 ne
2370 2990 2467 3042 lae.
2493 2989 2586 3041 rel.

187 3096 298 3134 om.
333 3076 397 3129 B.
439 3078 448 3141 Ι
490 3079 537 3130 7.
584 3073 836 3128 necessia
890 3072 951 3127 B.
994 3075 1001 3139 Ι
1041 3074 1369 3142 insequente
1423 3075 1540 3129 eod.
1578 3076 1824 3144 plerique
1879 3075 1980 3141 (B).
2023 3077 2030 3139 Ι
2074 3078 2156 3130 10.
2203 3074 2470 3127 stationes
2516 3072 2588 3141 M,

188 3164 405 3228 Aldus,·
450 3161 757 3216 custodiam
803 3161 918 3217 cod.
945 3162 1193 3230 plerique
1235 3160 1323 3228 (B)
1369 3168 1417 3215 et
1453 3161 1533 3216 ed.
1552 3163 1730 3231 prior.
1764 3164 1772 3225 1
1805 3161 2117 3229 insequenti
2152 3165 2202 3216 h.
2231 3164 2264 3216 l.
2289 3162 2452 3216 etiam
2486 3159 2548 3213 B.
2577 3157 2585 3228 Ι

192 3254 280 3308 14.
318 3254 671 3319 prensantem
720 3249 858 3304 coni.
893 3249 1157 3316 Kraffert.
1190 3253 1198 3311 Ι
1233 3250 1311 3302 16.
1360 3253 1759 3315 orgysgontem
1805 3248 1865 3300 B.
1900 3248 1908 3315 Ι
1944 3251 2023 3303 17.
2069 3247 2220 3316 prius
2268 3245 2592 3314 complecte-

189 3341 347 3392 retur
403 3335 468 3389 B.
509 3337 517 3402 Ι
571 3338 651 3390 19.
697 3333 1110 3402 hautquaquam
1165 3332 1406 3388 mulieris
1451 3332 1514 3387 B.
1556 3337 1565 3400 Ι
1615 3339 1672 3387 et
1726 3333 1980 3387 iniuriam
2032 3334 2278 3402 corporis
2332 3352 2434 3391 om.
2477 3335 2539 3388 B.
2578 3331 2588 3402 1

194 3427 284 3481 20.
331 3422 551 3491 aliaque
598 3422 714 3478 cod.
741 3424 988 3491 plerique
1035 3419 1122 3487 (B)
1168 3427 1217 3474 et
1261 3422 1339 3475 ed.
1374 3427 1490 3488 vet„
1537 3423 1606 3489 cf.
1643 3422 1832 3476 Walch
1877 3422 2001 3477 Em.
2032 3423 2100 3476 L.
2127 3440 2188 3490 p.
2215 3426 2347 3489 2165
2389 3420 2594 3490 illaque

192 3516 232 3566 2
269 3512 385 3566 cod.
418 3527 539 3576 rec„
575 3507 898 3576 reliquaque
944 3508 1084 3562 coni.
1110 3509 1418 3561 Bwrmann.
1453 3509 1461 3572 Ι
1493 3509 1577 3562 23.
1617 3506 1689 3559 ad
1725 3506 2012 3577 Ancyram
2059 3508 2117 3560 in
2161 3507 2365 3562 stativa
2407 3508 2478 3576 M,
2515 3510 2595 3564 ed.

197 3600 379 3654 Basil.
404 3600 571 3663 1535;
606 3610 862 3663 ancyram
891 3593 963 3646 ad
987 3593 1197 3648 statiua
1221 3594 1285 3662 B,
1310 3608 1572 3662 ancyram
1601 3593 1808 3648 statiua
1835 3596 1950 3651 cod.
1974 3612 2075 3650 ree.
2094 3597 2343 3665 plerique
2366 3596 2525 3662 (Lov.
2544 3601 2595 3664 2,

203 3687 400 3754 Voss),
436 3698 698 3750 ancyram
731 3681 1025 3750 (angiram)
1057 3680 1116 3733 in
1142 3681 1349 3736 statiua
1373 3683 1548 3750 pauci
1577 3683 1692 3737 cod.
1712 3699 1812 3737 rec.
1834 3689 1883 3737 et
1907 3683 1987 3737 ed.
2007 3684 2293 3752 antiquiss.
2327 3686 2335 3750 Ι
2366 3685 2449 3737 24.
2469 3686 2598 3737 ante

199 3774 317 3829 cod.
343 3774 430 3839 (B)
466 3777 516 3826 et
552 3770 631 3825 ed.
657 3770 975 3838 antiquiss.;
1018 3770 1147 3822 ante
1193 3766 1264 3821 ab
1302 3767 1538 3837 Ancyra
1573 3768 1643 3836 M,
1681 3770 1875 3824 Aldus.
1910 3770 1918 3834 Ι
1950 3771 2032 3824 26.
2070 3767 2216 3823 foret
2248 3770 2310 3823 B.
2343 3771 2352 3836 1
2383 3775 2600 3836 tempus

203 3878 307 3916 om.
331 3860 394 3914 B.
427 3862 436 3928 1
468 3861 551 3913 27.
589 3855 745 3909 locus
780 3871 892 3924 qua
930 3854 1058 3924 equi
1096 3853 1309 3909 medius
1344 3854 1407 3908 B.
1442 3855 1450 3922 Ι
1483 3854 1531 3909 8z
1567 3854 1808 3925 anchyre
1843 3855 1905 3911 B.
1938 3858 1946 3924 Ι

2185 3944 2285 3994 1οὓ
