2925 4278
685 157 908 215 LIBER
945 157 1245 211 XXXVII.
1284 156 1450 210 OAP.
1482 160 1527 212 1.
1555 160 1603 212 2.
1646 158 1715 225 [a.
1743 158 1807 212 U.
1835 173 1880 211 c.
1908 160 2053 227 564}
2480 142 2562 206 51

180 340 386 397 tamen
432 331 879 414 praebuerunt.
970 330 1112 412 plus
1157 331 1252 393 ira
1298 350 1487 411 quam
1533 330 1963 394 misericordia
2008 331 2073 393 in
2107 351 2301 396 causa
2347 352 2561 396 eorum

179 419 449 496 valebat,
500 417 648 497 quia
692 437 818 481 non
865 422 935 479 ut
979 416 1264 481 hostibus
1310 416 1516 496 mod0,
1565 416 1678 481 sed
1724 423 2049 497 tamquam
2107 417 2453 481 indomitae
2503 426 2565 482 et

178 502 529 568 insociabili
575 504 749 586 genti
812 503 1288 567 suscensebant.
1380 522 1495 584 per
1553 503 1792 583 aliquot
1852 501 1990 566 dies
2051 523 2193 566 cum
2256 510 2563 568 certatum

180 596 359 667 esset,
410 595 727 672 postremo
772 608 981 669 neque
1042 588 1178 652 dari
1224 608 1433 669 neque
1499 589 1716 671 negari
1762 608 1986 671 pacem
2049 589 2302 670 placuit.
2396 589 2561 654 duae

117 697 144 743 5
181 675 578 741 condiciones
623 675 702 739 iis
746 675 916 738 latae
961 681 1139 739 sunt:
1188 674 1291 737 vel
1338 675 1586 738 senatui
1631 674 1901 738 liberum
1962 675 2292 738 arbitrium
2354 675 2435 740 de
2497 696 2566 740 se

178 762 630 847 permitterent,
676 762 780 824 vel
827 760 995 824 mille
1042 761 1347 824 talentum
1393 759 1621 823 darent
1666 760 2048 842 eosdemque
2093 761 2330 825 amicos
2374 769 2566 842 atque

177 848 464 912 inimicos
509 847 834 911 haberent.
929 847 1286 930 exprimere
1332 847 1753 927 cupientibus,
1802 867 2066 928 quarum
2112 867 2320 911 rerum
2375 848 2440 911 in
2498 868 2566 912 se

176 934 504 998 arbitrium
550 934 798 997 senatui
842 933 1300 1016 permitterent,
1348 932 1504 995 nihil
1553 934 1706 996 certi
1737 953 2108 1016 responsum
2157 939 2270 998 est.
2351 935 2439 998 ita
2481 935 2565 997 in-

178 1021 342 1085 fecta
389 1039 547 1102 pace
594 1018 837 1084 dimissi
882 1019 1038 1082 urbe
1084 1018 1307 1082 eodem
1354 1018 1477 1097 die,
1539 1020 1725 1082 Italia
1779 1020 1946 1083 intra
2005 1019 2369 1101 quindecim
2432 1020 2569 1085 dies

91 1128 146 1175 10
180 1105 490 1172 excedere
534 1105 707 1169 iussi.

382 1193 548 1255 Tum
595 1191 676 1255 de
723 1191 1048 1255 consulum
1095 1191 1438 1274 provinciis
1486 1198 1777 1275 coeptum
1810 1192 1916 1273 agi
1964 1197 2077 1255 est.
2154 1192 2344 1256 ambo
2379 1192 2567 1257 Grae·
2611 1183 2616 1187 ’

178 1280 339 1344 01301
414 1278 772 1361 cupiebant.
867 1278 1130 1341 multum
1191 1277 1445 1340 Laelius
1507 1277 1574 1339 in
1635 1283 1858 1340 senatu
1920 1282 2185 1359 poterat.
2278 1279 2350 1361 is,
2424 1299 2566 1342 cum

177 1372 437 1430 senatus
497 1371 608 1428 aut
653 1363 860 1428 sortiri
904 1370 1015 1426 aut
1077 1383 1442 1445 comparare
1503 1363 1667 1425 inter
1728 1382 1796 1426 se
1857 1362 2216 1445 provincias
2278 1366 2568 1429 consules

176 1451 485 1529 iussisset,
548 1450 903 1533 elegantius
969 1449 1245 1513 facturos
1313 1449 1497 1528 dixit,
1558 1448 1611 1513 si
1674 1448 1904 1512 iudicio
1962 1455 2212 1531 patrum
2270 1470 2458 1531 quam
2516 1452 2568 1516 si

91 1555 145 1602 15
178 1537 325 1601 sorti
374 1556 518 1600 eam
563 1556 697 1600 rem
742 1535 1194 1618 permisissent.
1288 1535 1501 1618 Scipio
1561 1554 1864 1617 responso
1925 1534 2009 1597 ad
2069 1536 2189 1599 hoc
2250 1536 2416 1617 dato,
2475 1558 2570 1602 co-

178 1623 546 1706 gitaturum,
607 1621 760 1703 quid
818 1622 939 1686 sibi
1001 1620 1361 1685 faciendum
1432 1627 1618 1701 esset,
1683 1641 1825 1684 cum
1886 1620 2080 1685 fratre
2141 1642 2266 1687 uno
2327 1623 2571 1688 1000103

178 1711 515 1789 iussusque
559 1709 642 1771 ab
690 1728 764 1772 eo
812 1708 1173 1789 permittere
1219 1707 1522 1771 audacter
1583 1707 1848 1786 senatui,
1910 1708 2232 1772 renuntiat
2295 1711 2573 1792 collegae

181 1794 496 1859 facturum
544 1813 633 1873 se,
682 1793 850 1874 quod
896 1794 949 1858 is
996 1800 1300 1857 censeret.
1396 1814 1538 1857 cum
1585 1813 1687 1857 res
1730 1801 1838 1857 aut
1886 1814 2054 1858 nova
2098 1801 2209 1858 aut
2253 1802 2572 1860 vetustate

184 1880 620 1963 exemplorum
675 1879 1015 1944 memoriae
1077 1880 1203 1942 iam
1266 1880 1557 1944 exoletae
1618 1880 1817 1943 relata
1876 1881 2321 1962 expectatione
2383 1889 2575 1946 certa-

92 1984 155 2031 20
187 1967 373 2031 1111013
420 1973 710 2030 3011310111
759 1966 1084 2045 erexisset,
1132 1966 1200 2028 P.
1236 1965 1448 2048 Scipio
1496 1964 1833 2030 Africanus
1864 1965 2046 2046 dixit,
2095 1967 2148 2031 si
2187 1968 2257 2030 L.
2294 1967 2574 2051 Scipioni

184 2052 363 2117 fratri
411 2072 524 2116 suo
571 2052 964 2135 provinciam
1011 2051 1343 2116 Graeciam
1392 2051 1843 2131 decrevissent,
1877 2072 1944 2116 se
1991 2052 2271 2135 legatum
2318 2054 2569 2118 iturum.

183 2139 342 2203 haec
389 2159 518 2203 vox
565 2159 801 2221 magno
845 2138 1120 2203 adsensu
1166 2136 1386 2202 audita
1447 2137 1698 2202 sustulit
1758 2145 2096 2203 certamen.
2189 2142 2464 2223 experiri
2509 2141 2576 2204 li-

186 2226 396 2304 bebat,
446 2231 655 2288 utrum
701 2225 843 2307 plus
895 2226 1032 2307 regi
1077 2224 1390 2288 Antiocho
1436 2224 1501 2287 in
1535 2225 1893 2288 Hannibale
1924 2226 2094 2291 victo
2125 2247 2206 2290 an
2240 2227 2306 2289 in
2337 2229 2575 2292 victore

183 2311 486 2375 Africano
534 2311 772 2375 consuli
816 2310 1299 2392 legionibusque
1345 2311 1649 2374 Romanis
1703 2311 1927 2374 auxilii
1988 2311 2181 2393 foret,
2244 2334 2321 2376 ac
2380 2333 2575 2396 prope

91 2413 151 2460 25
184 2417 405 2463 omnes
453 2397 736 2479 Scipioni
782 2396 1131 2475 Graeciam,
1177 2396 1394 2460 Laelio
1440 2397 1691 2460 Italiam
1737 2396 2171 2461 decreverunt.
2263 2400 2345 2461 II.
2394 2401 2577 2463 Prae-

185 2490 351 2548 tores
398 2482 553 2546 inde
595 2482 956 2565 provincias
1003 2483 1202 2546 sortiti
1249 2489 1414 2562 sunt,
1462 2483 1533 2545 L.
1568 2483 2032 2547 Aurunculeius
2077 2484 2408 2565 urbanam,
2460 2485 2572 2549 Cn.

185 2570 453 2634 Fulvius
498 2569 918 2651 peregrinam,
967 2569 1037 2631 L.
1071 2568 1378 2632 Aemilius
1423 2568 1708 2651 Regillus
1740 2568 2024 2648 classem,
2071 2569 2140 2631 P.
2175 2570 2396 2635 Iunius
2426 2572 2576 2634 Bru-

184 2662 282 2721 tus
327 2657 594 2735 Tuscos,
640 2655 721 2718 M.
755 2655 1028 2719 Tuccius
1072 2654 1369 2737 Apuliam
1418 2660 1482 2717 et
1525 2655 1821 2734 Bruttios,
1871 2655 1939 2719 C.
1974 2654 2223 2719 Atinius
2269 2657 2568 2722 Siciliam.

398 2847 445 2899 1.
470 2843 845 2911 praebuerunt
869 2843 942 2911 B3
978 2843 1285 2911 praebuere
1311 2845 1427 2898 cod.
1453 2860 1554 2898 rec.
1579 2850 1626 2897 et
1655 2845 1731 2898 ed.
1756 2850 1849 2898 vet.
1874 2862 2011 2912 quas
2037 2846 2153 2900 vidi
2179 2862 2373 2900 omnes.
2410 2846 2417 2912 Ι
2448 2847 2496 2899 2.
2519 2849 2580 2896 01

186 2929 375 2983 1103103
394 2930 459 2984 Β.
494 2933 501 2995 Ι
535 2934 582 2984 5.
603 2928 690 2982 his
718 2930 780 2982 B.
814 2937 821 2991 Ι
854 2929 1143 2982 arbitrium
1171 2948 1270 2984 om.
1284 2929 1344 2981 B.
1381 2932 1387 2993 Ι
1421 2932 1469 2983 6.
1491 2928 1824 2996 eosdemque
1849 2931 2253 2997 ed.Par.1513;
2278 2945 2438 2999 eosq,
2464 2932 2577 2986 cod.

181 3016 269 3084 (B)
305 3024 357 3071 et
391 3018 472 3071 ed.
496 3018 780 3084 antiquiss,
814 3017 822 3080 Ι
855 3019 904 3071 8.
941 3015 1151 3068 incerta
1187 3030 1324 3082 pace
1363 3015 1431 3067 M.
1468 3016 1475 3082 Ι
1510 3019 1590 3069 11.
1629 3020 1887 3082 coeptum
1932 3016 2024 3082 agi
2072 3020 2159 3068 est
2202 3017 2316 3071 cod.
2334 3019 2583 3085 plerique

186 3102 269 3169 (B,
287 3104 468 3168 Voss.)
494 3108 543 3155 et
567 3103 646 3155 ed.
683 3103 985 3169 antiquiss„
1024 3105 1092 3169 cf.
1122 3103 1202 3154 M.
1230 3103 1464 3155 Mueller
1488 3119 1677 3171 propr.
1707 3103 1950 3156 Steudal.
1979 3107 2119 3155 1888
2143 3119 2205 3170 p.
2230 3106 2292 3168 9,·
2327 3106 2583 3168 coeptum

184 3194 272 3241 est
308 3188 404 3256 agi
443 3187 518 3255 M,
565 3193 600 3241 3
637 3188 751 3242 cod.
799 3205 898 3243 rec.
936 3189 1089 3253 (Lov.
1119 3189 1194 3254 2),
1240 3188 1435 3242 Aldus.
1471 3190 1479 3253 Ι
1515 3190 1596 3242 13.
1641 3186 1785 3240 inter
1829 3203 1889 3241 se
1935 3206 2037 3242 om.
2071 3187 2132 3239 B.
2166 3190 2174 3252 Ι
2210 3190 2289 3241 14.
2334 3187 2583 3240 facturos

183 3274 349 3328 iussit
396 3274 444 3327 si
489 3273 552 3327 B.
585 3277 592 3336 Ι
627 3276 709 3327 21.
757 3272 1041 3327 Graeciam
1089 3291 1189 3328 om.
1224 3272 1288 3326 B.
1322 3275 1422 3337 130
1470 3273 1519 3325 01
1565 3273 1812 3340 legatum
1858 3274 2059 3326 iturum
2107 3275 2243 3328 coui.
2279 3275 2484 3337 Duker,
2524 3288 2584 3327 se

185 3361 439 3429 legatum
485 3359 538 3412 ei
583 3359 784 3412 iturum
832 3361 1208 3414 Weissenborn
1252 3359 1330 3413 ed.
1372 3361 1572 3414 Teubu.
1612 3363 1789 3428 praef.
1819 3378 1877 3428 p.
1915 3360 2076 3413 XIX
2120 3362 2183 3414 01.
2221 3360 2584 3428 XXXVIII,

184 3452 269 3514 58,
304 3453 356 3502 8.
394 3448 402 3514 Ι
435 3449 520 3501 23.
568 3445 722 3513 regia
767 3444 1052 3499 Antiocho
1097 3444 1159 3498 B.
1193 3447 1200 3509 Ι
1241 3448 1326 3499 26.
1363 3444 1460 3498 Cn.
1489 3445 1719 3498 Fulvius
1766 3446 1844 3500 ed.
1871 3447 2241 3513 Basil.1535;
2284 3462 2353 3500 m.
2378 3445 2587 3499 fuluius

184 3536 301 3589 cod.
329 3535 398 3602 (B
418 3534 496 3599 Μ)
532 3540 581 3587 et
617 3534 696 3587 ed.
733 3535 1017 3601 antiquiss.
1052 3533 1059 3598 Ι
1099 3535 1184 3587 27.
1219 3532 1569 3599 peregrinam
1605 3532 1855 3584 aemilius
1889 3532 1950 3584 B.
1983 3533 1991 3599 Ι
2024 3535 2106 3588 28.
2133 3532 2203 3585 Μ.
2230 3532 2470 3585 Tuccius
2506 3533 2584 3587 ed.

187 3622 369 3676 Basil.
396 3624 538 3675 1535
547 3641 567 3688 ;
601 3636 670 3673 m.
695 3619 872 3671 tutius
909 3618 979 3685 M,
1016 3635 1085 3671 m.
1106 3617 1347 3670 bruttius
1373 3618 1419 3670 B
1444 3625 1493 3672 et
1517 3620 1597 3673 sic
1621 3620 1698 3673 vel
1723 3617 1940 3671 brutius
1965 3620 2121 3685 (Lov.
2141 3620 2200 3685 2)
2225 3621 2305 3673 vel
2329 3618 2587 3671 bruccius

187 3709 405 3774 (Voss.)
431 3708 545 3762 cod.
573 3723 677 3761 rec.
710 3705 718 3771 Ι
751 3704 810 3758 C.
836 3704 1068 3757 Atinius
1105 3706 1184 3758 ed.
1211 3706 1390 3758 Basil.
1415 3707 1558 3757 1535
1565 3725 1585 3772 ,·
1627 3720 1671 3757 0.
1708 3703 1901 3757 3011103
1938 3704 2000 3771 Β,
2038 3719 2083 3758 c.
2111 3704 2297 3758 atilius
2332 3703 2587 3771 (attilius)

189 3796 306 3849 cod.
333 3813 434 3850 rec.
471 3797 479 3860 Ι

2206 3878 2274 3926 441·

2621 2155 2680 2197 10
