2925 4278
618 137 843 190 LIBER
879 136 1209 191 XXXVIII.
1248 135 1414 191 cAP.
1440 140 1524 192 36.
1550 140 1633 193 37.
1673 137 1743 206 [a.
1770 137 1834 192 U.
1862 153 1909 191 c.
1935 140 2074 206 5661.
2415 121 2536 184 159

138 319 432 378 trecenta
486 311 707 377 decem
763 319 826 377 et
880 318 1037 376 octo,
1128 313 1322 377 lustro
1376 311 1659 396 perfecto
1715 313 2002 378 consules
2062 313 2127 377 in
2180 312 2539 396 provincias

187 400 418 465 rofecti
464 405 628 464 sunt.
1115 413 1121 420 '

141 421 185 484 p
356 486 692 551 XXXVII.
740 485 967 550 Hieme
1013 505 1108 565 ea,
1166 505 1291 566 qua
1342 484 1504 549 haec
1548 487 1786 550 Romae
1841 492 2024 568 gesta
2078 491 2241 566 sunt,
2288 485 2373 549 ad
2418 486 2532 551 Cn.
2615 499 2638 545 1

138 574 454 638 Manlium
498 573 817 638 consulem
864 572 1154 654 primum,
1209 570 1442 636 deinde
1488 593 1600 655 pro
1647 573 1921 654 consule,
1977 572 2419 637 hibernantem
2469 573 2537 636 in

67 680 98 725 5
139 660 321 740 Asia,
362 659 714 742 legationes
754 657 1033 740 undique
1074 677 1154 721 ex
1186 659 1478 723 omnibus
1509 659 1871 724 civitatibus
1901 659 2340 742 gentibusque,
2374 678 2537 740 quae

141 747 237 812 cis
281 748 564 811 Taurum
608 751 886 810 montem
930 745 1226 826 incolunt,
1275 746 1760 810 conveniebant.
1837 751 1901 811 et
1945 751 2015 810 ut
2060 746 2282 810 clarior
2320 746 2537 811 nobili·
2609 760 2640 806 2

138 853 341 916 orque
386 832 651 897 victoria
703 832 1006 897 Romanis
1060 830 1141 894 de
1176 851 1345 915 *rege
1399 832 1712 897 Antiocho
1766 832 1886 896 fuit
1938 848 2129 913 quam
2182 831 2262 896 de
2318 833 2536 914 Gallis,

140 922 235 985 ita
278 919 506 985 laetior
551 919 736 984 sociis
792 925 927 983 erat
982 917 1063 981 de
1108 918 1306 983 Gallis
1361 940 1551 1001 quam
1606 918 1688 983 de
1734 919 2065 984 Antiocho.
2156 919 2539 984 tolerabilior
2610 934 2641 981 3

140 1008 325 1090 regia
369 1006 643 1072 servitus
687 1005 906 1070 fuerat*
949 1025 1137 1087 quam
1182 1005 1400 1069 feritas
1454 1006 1826 1071 immanium
1878 1006 2290 1071 barbarorum
2343 1006 2538 1070 incer-

45 1112 101 1158 ιο
141 1102 372 1176 tusqu'e
416 1093 486 1159 in
530 1091 668 1157 dies
713 1099 928 1173 terror,
983 1112 1105 1174 quo
1150 1092 1324 1156 velut
1377 1099 1724 1176 tempestas
1781 1112 1887 1157 eos
1930 1093 2307 1176 populantes
2352 1092 2538 1157 infer-

140 1187 256 1246 ret.
334 1180 570 1262 itaque,
612 1185 680 1243 ut
720 1179 949 1261 quibus
988 1179 1245 1243 libertas
1283 1178 1596 1244 Antiocho
1636 1179 1836 1262 pulso,
1877 1199 2007 1263 pax
2047 1179 2246 1244 Gallis
2286 1178 2538 1243 domitis
2610 1195 2643 1241 4

143 1267 298 1331 data
358 1272 545 1346 esset,
601 1286 724 1330 non
786 1265 1169 1348 gratulatum
1229 1264 1416 1330 modo
1478 1273 1804 1345 venerant,
1862 1265 1974 1330 sed
2029 1285 2290 1330 coronas
2346 1265 2538 1329 etiam

142 1373 373 1419 aureas
417 1373 530 1436 pro
578 1353 708 1417 suis
753 1371 1042 1434 quaeque
1085 1351 1491 1416 facultatibus
1536 1352 1892 1417 attulerant.
1985 1358 2050 1416 et
2093 1353 2174 1417 ab
2220 1351 2535 1417 Antiocho
2609 1367 2641 1415 5

141 1441 342 1524 legati
397 1446 460 1504 et
502 1440 584 1504 ab
632 1440 786 1524 ipsis
842 1438 1059 1517 Gallis,
1114 1444 1184 1501 ut
1228 1437 1403 1521 pacis
1454 1435 1634 1521 leges
1687 1438 2063 1519 dicerentur,
2120 1445 2184 1502 et
2227 1439 2308 1503 ab
2364 1438 2540 1502 Aria-

27 1543 106 1590 ¹15
144 1527 329 1592 rathe
358 1546 511 1610 rege
544 1524 990 1610 Cappadocum
1015 1531 1328 1590 venerunt
1357 1523 1440 1589 ad
1464 1525 1718 1590 veniam
1750 1524 2090 1609 petendam
2113 1525 2538 1608 luendamque

146 1613 420 1698 pecunia
464 1633 719 1693 noxam,
767 1610 959 1694 quod'
982 1612 1235 1676 auxiliis
1274 1611 1657 1677 Antiochum
1696 1612 1978 1677 iuvisset.
2056 1611 2204 1676 huic
2249 1618 2540 1677 sescenta
2612 1629 2642 1676 6

146 1701 389 1765 talenta
442 1699 688 1783 argenti
741 1705 890 1763 sunt
932 1698 1269 1783 imperata,
1327 1699 1527 1765 Gallis
1579 1718 1970 1782 responsum,
2027 1718 2170 1763 cum
2223 1699 2541 1764 Eumenes

27 1864 28 1869 ἵ
148 1809 269 1852 rex
309 1786 610 1867 venisset,
665 1792 797 1849 tum
845 1784 1136 1864 daturum
1180 1786 1258 1849 iis
1302 1785 1523 1869 leges.
1560 1785 1939 1851 civitatium
1991 1786 2343 1869 legationes
2399 1807 2541 1850 cum

27 1892 30 1939 ι
155 1873 445 1957 benignis
485 1872 1148 1957 responsis,-laetiores
1188 1872 1379 1937 etiam
1421 1893 1609 1954 quam
1652 1878 1980 1953 venerant,
2021 1872 2338 1937 dimissae.
2416 1873 2541 1937 An·
2615 1889 2643 1934 7

27 1975 112 2027 120
150 1959 341 2025 tiochi
396 1959 589 2043 legati
643 1959 977 2042 pecuniam
1031 1959 1097 2022 in
1151 1959 1596 2043 Pamphyliam
1652 1959 2163 2040 frumentumque
2217 1979 2299 2024 ex
2354 1965 2540 2042 pacto

150 2068 292 2111 cum
339 2046 410 2110 L.
461 2046 755 2130 Scipione
800 2045 1056 2110 foedere
1103 2045 1258 2110 iussi
1288 2045 1635 2131 advehere3
1685 2067 1758 2111 eo
1805 2066 1873 2110 se
1906 2065 2049 2109 cum
2081 2046 2364 2110 exercitu
2395 2066 2541 2110 ven-

148 2141 379 2199 turum.
470 2133 780 2217 principio
840 2132 1071 2198 deinde
1132 2132 1300 2197 veris
1368 2133 1630 2198 lustrato
1700 2132 1981 2197 exercitu
2050 2132 2369 2215 profectus
2438 2131 2542 2196 die
2614 2148 2646 2195 8

148 2228 377 2286 octavo
422 2221 774 2303 Apameam
817 2221 1011 2284 venit.
1102 2219 1192 2283 ibi
1239 2218 1514 2284 triduum
1561 2220 1808 2285 stativis
1852 2219 2108 2299 habitis,
2165 2219 2365 2284 tertiis
2417 2239 2542 2282 rur-

151 2328 261 2374 sus
316 2308 398 2373 ab
445 2310 732 2391 Apamea
786 2307 1007 2371 castris
1060 2306 1126 2370 in
1183 2306 1648 2389 Pamphyliam,
1706 2326 1828 2387 quo
1881 2306 2217 2388 pecuniam
2273 2304 2545 2369 frumen-

56 2409 113 2457 25
151 2402 415 2476 tumque
466 2394 674 2477 regios
722 2393 1072 2459 convehere
1116 2392 1404 2474 iusserat,
1451 2392 1759 2476 pervenit.
1855 2392 1982 2454 duo
2028 2391 2204 2456 milia
2250 2398 2315 2456 et
2369 2391 2544 2473 quin·
2615 2411 2647 2459 9

149 2487 351 2567 genta
396 2480 635 2545 talenta
678 2480 925 2564 argenti
971 2485 1234 2563 accepta
1276 2480 1630 2562 Apameam
1677 2478 2112 2563 deportantur3
2160 2478 2544 2542 frumentum

150 2567 466 2634 exercitui
511 2566 829 2633 dividitur.
900 2564 1048 2631 inde
1092 2564 1177 2630 ad
1222 2567 1493 2649 Pergam
1539 2566 1729 2646 ducit,
1778 2585 1940 2647 quae
1985 2586 2114 2629 una
2158 2565 2224 2628 in
2270 2565 2348 2630 iis
2392 2566 2547 2630 locis

152 2655 332 2739 regio
392 2655 727 2719 tenebatur
757 2671 758 2674 ’
792 2651 1127 2736 praesidio,
1218 2652 1753 2737 appropinquanti
1819 2651 2178 2735 praefectus
2245 2650 2546 2736 praesidii
2586 2671 2650 2719 10

153 2742 383 2808 obvius
428 2740 567 2820 fuit,
615 2740 876 2823 triginta
921 2739 1165 2803 dierum
1210 2746 1460 2823 tempus
1503 2746 1747 2823 petens,
1794 2744 1864 2803 ut
1908 2759 2124 2823 regem
2164 2738 2548 2803 Antiochum

59 2842 119 2890 30
155 2828 238 2894 de
282 2829 441 2892 urbe
487 2825 797 2890 tradenda
851 2826 1218 2891 consuleret.
1297 2825 1446 2891 dato
1490 2832 1772 2911 tempore
1817 2825 1901 2889 ad
1945 2846 2086 2890 eam
2131 2825 2299 2889 diem
2339 2824 2548 2890 deces-
2589 2846 2648 2893 11

154 2936 299 2981 sum
343 2912 659 2998 praesidio
706 2919 817 2977 est.
894 2933 934 2977 a
978 2914 1185 2996 Perga
1227 2913 1298 2978 L.
1347 2914 1582 2979 Manlio
1628 2912 1820 2977 fratre
1868 2932 2011 2977 cum
2057 2918 2352 2994 quattuor
2396 2911 2549 2975 mili-

367 3108 418 3159 4.
455 3103 657 3157 deinde
701 3103 756 3155 in
803 3102 1132 3171 proconsule
1177 3103 1237 3170 B,
1278 3102 1407 3156 dein
1450 3118 1550 3171 pro
1598 3103 1827 3157 consule
1872 3107 1907 3156 2
1948 3105 2060 3159 cod.
2086 3121 2185 3158 rec.
2220 3104 2229 3168 Ι
2261 3104 2342 3157 10.
2380 3117 2551 3169 popu-

157 3192 326 3247 lantis
359 3190 599 3245 inferent
622 3191 684 3244 B.
719 3192 728 3255 Ι
761 3193 841 3245 14.
868 3190 940 3244 ab
977 3189 1177 3244 ariarte
1204 3191 1263 3243 B.
1297 3192 1305 3256 Ι
1341 3193 1421 3245 16.
1457 3190 1730 3244 iuuissent
1766 3190 1827 3243 B.
1860 3190 1868 3256 Ι
1899 3188 2026 3242 huic
2062 3192 2325 3243 sexcenta
2352 3188 2432 3257 M,
2466 3187 2553 3241 his

160 3284 424 3335 sescenta
439 3278 503 3346 B,
530 3277 580 3330 ei
605 3279 706 3344 (vel
742 3281 801 3331 et
834 3280 915 3331 vel
952 3293 1021 3330 ex
1044 3279 1127 3331 vel
1150 3278 1276 3343 om.)
1301 3276 1543 3330 ducenta
1579 3278 1693 3333 cod.
1727 3295 1830 3331 rec·
1862 3278 1870 3343 Ι
1904 3279 1985 3331 18.
2022 3275 2108 3329 his
2143 3276 2207 3329 B.
2241 3277 2248 3342 Ι
2279 3275 2435 3343 leges
2471 3276 2550 3329 ed.

161 3369 341 3422 Basil.
368 3369 508 3420 1535
518 3385 537 3433 ,·
571 3365 700 3433 leg&
735 3366 848 3420 cod.
877 3364 963 3430 (B)
987 3371 1037 3418 et
1073 3365 1153 3417 ed.
1174 3366 1348 3433 prior.
1381 3366 1390 3429 1
1421 3367 1505 3418 20.
1532 3362 1885 3431 pamphiliam
1919 3362 1983 3415 B.
2017 3363 2024 3429 Ι
2056 3365 2138 3417 25.
2166 3360 2277 3414 duo
2314 3360 2462 3414 milia
2498 3366 2555 3415 et

161 3454 468 3523 quingenta
504 3455 575 3507 A.
600 3453 908 3518 Rubeniu33
954 3449 1101 3504 mille
1139 3455 1196 3504 et
1230 3450 1538 3519 quingenta
1574 3452 1689 3506 cod.
1714 3467 1815 3505 rec.
1835 3451 2080 3519 plerique
2115 3449 2272 3515 (Lov.
2296 3452 2351 3516 2,
2381 3448 2556 3514 Voss)

164 3548 214 3595 et
246 3543 327 3595 ed.
362 3540 667 3609 antiquiss„
713 3537 860 3591 mille
906 3538 954 3591 &
1002 3536 1407 3606 quinquaginta
1450 3538 1499 3591 B
1545 3544 1593 3592 et
1635 3538 1882 3593 nonnuli,
1917 3553 2017 3591 rec.
2052 3538 2058 3601 Ι
2099 3538 2183 3591 27.
2228 3534 2284 3587 in
2327 3534 2413 3588 his
2449 3535 2513 3588 B.
2543 3531 2551 3604 Ι

165 3630 249 3683 30.
296 3627 588 3681 decessum
633 3624 906 3692 praesidio
962 3629 1062 3678 est.
1108 3640 1142 3677 a
1187 3625 1368 3692 Perga
1411 3626 1628 3695 scripsi,
1673 3627 1742 3692 cf.
1786 3626 1983 3693 ephem.
2019 3625 2208 3678 Austr.
2242 3626 2381 3678 1892
2395 3642 2415 3690 ,·
2466 3621 2556 3675 de-

166 3714 335 3768 cessit
376 3711 656 3781 praesidio
706 3716 764 3764 et
807 3727 841 3764 a
879 3727 997 3779 pga
1044 3711 1327 3780 (pergamo
1372 3714 1486 3767 cod.
1521 3729 1622 3766 rec.
1657 3717 1707 3765 et
1741 3712 1820 3765 ed.
1847 3712 2155 3779 antiquis-3.)
2185 3711 2297 3765 cod.
2312 3710 2558 3778 plerique

166 3801 255 3870 (B)
289 3808 340 3857 et
374 3801 453 3856 ed.
484 3800 789 3867 antiquiss„
826 3797 1102 3866 praesidio
1147 3797 1437 3852 decessum
1472 3799 1527 3866 (a
1561 3796 1798 3866 Perga?)
1837 3795 1908 3864 M,
1945 3794 2225 3865 praesidio
2267 3795 2556 3849 decessum
