2925 4278
565 135 789 189 LIBER
827 136 1153 193 xxxvm.
1192 137 1355 192 cAP.
1381 141 1465 193 32.
1493 141 1574 194 33.
1612 140 1684 206 [a.
1711 139 1776 194 U.
1803 154 1849 193 ο.
1875 139 2020 208 565].
2358 117 2478 183 155

90 310 329 396 optime
389 312 849 376 controversias
906 311 1071 377 inter
1123 312 1412 378 Achaeos
1473 333 1549 377 ac
1602 311 2139 378 Lacedaemonios
2196 311 2482 376 finituros

90 417 257 479 esse;
322 397 629 479 Lycortas
660 418 742 462 ex
774 400 1128 482 praeceptis
1157 399 1666 484 Philopoemenis
1695 400 2075 484 postulabat,
2108 405 2177 462 ut
2207 398 2482 462 Achaeis

90 505 169 549 ex
215 482 476 548 foedere
521 505 597 549 ac
639 485 888 568 legibus
933 487 1082 567 suis,
1139 506 1301 568 quae
1346 486 1729 568 decressent,
1785 505 1976 570 agere
2021 485 2256 566 liceret,
2302 485 2482 549 liber-

89 576 412 652 tatemque
467 571 589 634 sibi
641 572 977 653 illibatam,
1026 572 1203 637 cuius
1258 573 1378 658 ipsi
1424 581 1714 639 auctores
1769 579 2010 652 essent,
2066 577 2478 657 praestarent.

37 678 59 722 5
91 677 363 740 magnae
417 659 806 723 auctoritatis
864 657 1036 743 apud
1091 661 1407 724 Romanos
1468 668 1599 724 tum
1653 679 1813 743 gens
1866 659 2262 723 Achaeorum
2318 663 2479 743 erat;

91 743 310 809 novari
356 750 573 808 tamen
616 744 772 809 nihil
818 745 897 809 de
943 745 1465 811 Lacedaemoniis
1511 747 1818 830 placebat.
1908 752 2184 810 ceterum
2229 765 2480 828 respon-

94 851 225 896 sum
272 830 367 893 ita
409 832 783 915 perplexum
827 832 965 911 fuit,
1020 839 1090 896 ut
1134 838 1197 897 et
1242 832 1482 897 Achaei
1527 833 1648 897 sibi
1693 832 1774 897 de
1820 832 2302 897 Lacedaemone
2346 851 2481 915 per-

93 919 352 982 missum
406 917 781 1002 acciperent,
838 925 902 984 et
943 918 1440 984 Lacedaemonii·
1486 939 1613 985 non
1660 919 1874 984 omnia
1918 938 2219 984 concessa
2262 919 2340 983 iis
2393 919 2482 982 in·

94 1010 603 1088 terpretarentur.
694 1004 816 1070 hac
871 1012 1183 1090 potestate
1243 1004 1579 1070 immodice
1640 1005 1880 1070 Achaei
1936 1026 2012 1070 ac
2067 1006 2337 1089 superbe
2381 1005 2480 1069 usi

32 1108 62 1157 ιο
94 1097 253 1156 sunt.
333 1090 643 1155 XXXIII.
691 1091 1167 1177 Philopoemeni
1214 1094 1616 1157 continuatur
1661 1092 2083 1176 magistratus.
2164 1090 2271 1174 qui
2315 1092 2484 1156 veris

94 1178 269 1242 initio
318 1178 600 1241 exercitu
645 1178 881 1244 indicto
928 1187 1134 1244 castra
1178 1180 1243 1243 in
1285 1180 1518 1243 finibus
1562 1178 2208 1244 Lacedaemoniorum
2256 1178 2482 1262 posuit,

94 1266 332 1350 legatos
388 1263 618 1329 deinde
672 1266 842 1331 misit
894 1265 980 1330 ad
1032 1265 1468 1349 deposcendos
1522 1272 1809 1330 auctores
1855 1264 2248 1344 defectionis,
2298 1271 2361 1328 et
2406 1264 2484 1327 ci-

94 1353 357 1416 vitatem
404 1351 470 1414 in
517 1371 673 1434 pace
719 1352 1014 1433 futuram,
1063 1353 1114 1416 si
1160 1352 1227 1415 id
1272 1351 1546 1433 fecisset,
1599 1352 1987 1435 pollicentes,
2036 1357 2099 1416 et
2143 1351 2297 1415 illos
2327 1349 2484 1414 nihil

94 1438 334 1503 indicta
365 1457 558 1502 causa
597 1458 909 1523 passuros.
989 1440 1307 1504 silentium
1346 1459 1498 1522 prae
1538 1445 1708 1502 metu
1752 1444 2096 1503 ceterorum
2139 1437 2285 1521 fuit;
2330 1457 2486 1519 quos

30 1536 65 1591 15
94 1523 466 1590 nominatim
499 1523 1017 1609 depoposcerant,
1059 1526 1180 1609 ipsi
1223 1545 1290 1589 se
1321 1526 1518 1590 ituros
1557 1524 1823 1609 professi
1857 1531 2022 1605 sunt,
2054 1523 2182 1589 fide
2219 1531 2487 1608 accepta

93 1631 132 1675 a
174 1612 405 1696 legatis
453 1612 579 1675 vim
626 1611 1008 1693 abfuturam,
1056 1611 1258 1676 donec
1315 1632 1571 1676 causam
1627 1611 1957 1679 dixissent.
2034 1612 2244 1677 ierunt
2290 1612 2483 1676 etiam

95 1699 202 1763 alii
247 1699 521 1763 illustres
566 1698 704 1779 viri,
761 1705 824 1763 et
867 1698 1158 1763 advocati
1204 1699 1491 1783 privatis,
1547 1705 1611 1762 et
1657 1700 1804 1780 quia
1856 1698 2173 1783 pertinere
2228 1719 2484 1764 causam

97 1804 309 1849 eorum
353 1784 438 1849 ad
483 1804 614 1849 rem
664 1786 982 1870 publicam
1037 1787 1399 1850 censebant.
1492 1806 1837 1867 numquam
1891 1786 2050 1850 alias
2104 1787 2326 1851 exules
2369 1787 2484 1849 La-

102 1869 643 1936 cedaemoniorum
703 1872 944 1937 Achaei
1004 1892 1218 1937 secum
1278 1872 1680 1937 adduxerant
1737 1873 1804 1937 in
1865 1872 2054 1952 fineS,
2118 1874 2266 1954 quia
2328 1871 2483 1936 nihil

28 1920 64 2024 b
99 1976 301 2039 aeque
344 1959 763 2023 alienaturum
810 1960 1055 2024 animos
1102 1960 1377 2023 civitatis
1424 1959 1786 2042 videbatur-3
1839 1968 1991 2023 tunc
2038 1960 2354 2023 exercitus
2396 1966 2484 2022 to-

97 2045 221 2109 tius
266 2065 461 2130 prope
507 2046 911 2130 antesignani
958 2048 1178 2111 exules
1224 2053 1436 2110 erant(
1509 2045 1574 2109 hi
1620 2046 2023 2110 venientibus
2067 2044 2485 2110 Lacedaemo·

96 2132 218 2197 niis
279 2131 364 2196 ad
427 2138 670 2217 portam
733 2139 1074 2198 castrorum
1136 2134 1388 2217 agmine
1449 2133 1618 2198 facto
1672 2139 2100 2216 occurrerunt3
2165 2138 2228 2197 et
2279 2132 2483 2215 primo

95 2221 405 2285 lacessere
435 2220 674 2304 iurgiis,
707 2219 957 2299 deinde,
999 2220 1404 2285 altercatione
1434 2227 1589 2300 orta,
1633 2240 1773 2284 cum
1805 2218 2301 2283 accenderentur
2329 2220 2480 2297 irae,

94 2305 467 2370 ferocissimi
514 2308 769 2371 exulum
814 2308 1120 2390 impetum
1163 2307 1229 2369 in
1261 2306 1799 2371 Lacedaemonios
1838 2306 2141 2370 fecerunt.
2220 2325 2361 2369 cum
2392 2304 2482 2368 illi

26 2403 64 2458 25
96 2393 249 2458 deos
296 2399 361 2456 et
403 2391 594 2457 fidem
639 2393 985 2477 legatorum
1032 2399 1429 2472 testarentur,
1481 2400 1543 2457 et
1586 2393 1781 2476 legati
1831 2399 1892 2456 et
1935 2400 2187 2476 praetor
2217 2409 2481 2456 summo-

95 2498 244 2544 vere
289 2479 509 2544 turbas
556 2486 618 2543 et
659 2487 990 2565 protegere
1034 2478 1571 2544 Lacedaemonios
1617 2480 1951 2561 vinclaque
1996 2480 2147 2542 iam.
2176 2478 2481 2566 quosdam

94 2567 426 2631 inicientes
478 2587 709 2631 arcere.
804 2566 1127 2631 crescebat
1180 2566 1448 2629 tumultu
1506 2566 1814 2630 concitato
1868 2566 2079 2648 turba;
2136 2572 2198 2629 et
2241 2565 2480 2631 Achaei

94 2653 176 2717 ad
221 2655 649 2737 spectaculum
691 2654 889 2737 primo
932 2651 1406 2717 concurrebant.
1486 2651 1717 2717 deinde
1756 2651 2249 2737 vociferantibus
2287 2653 2482 2717 exuli-

96 2742 233 2819 bus,
268 2759 430 2821 quae
471 2741 643 2824 passi
682 2741 907 2821 forent,
956 2745 1020 2803 et
1064 2738 1390 2803 orantibus
1435 2759 1621 2823 opem
1666 2738 2251 2820 affirmantibusque
2296 2739 2481 2803 simul

301 2932 346 2983 2
387 2928 671 2998 lychortas
707 2930 769 2982 B.
802 2932 809 2995 Ι
845 2932 925 2984 10.
952 2928 1343 2997 philopoemini
1389 2929 1782 2990 continuantur
1805 2929 1865 2981 B.
1901 2932 1909 2996 Ι
1944 2931 2023 2984 13.
2048 2927 2312 2981 fecissent
2344 2946 2481 2984 non-

91 3019 226 3072 null.
253 3018 367 3072 cod.
394 3035 493 3071 rec.
521 3017 677 3083 (Lov.
703 3021 754 3085 2,
774 3018 946 3084 Voss.)
978 3020 986 3085 1
1016 3016 1330 3083 pollicentis
1364 3017 1428 3085 B,
1466 3016 1732 3084 pollicens
1769 3018 1847 3071 ed.
1873 3023 1967 3071 vet.
2002 3016 2010 3084 Ι
2045 3020 2124 3071 15.
2150 3014 2481 3083 depoposce-

92 3108 216 3157 rant
260 3104 397 3159 Lov.
435 3108 496 3171 6,·
542 3102 940 3171 depoposcerat
984 3107 1076 3159 rel.
1112 3106 1228 3160 cod.
1262 3103 1349 3173 (B)
1387 3111 1436 3158 et
1472 3105 1551 3158 ed.
1579 3110 1674 3158 vet.
1710 3103 1718 3171 Ι
1755 3107 1831 3158 16.
1868 3102 1977 3155 vim
2013 3100 2085 3155 ab
2124 3100 2339 3156 laeso-ez.
2377 3119 2479 3156 om.

91 3191 150 3244 B.
185 3193 193 3260 Ι
231 3193 311 3247 18.
350 3189 422 3243 ad
455 3206 509 3258 p.
535 3205 576 3242 r.
602 3179 905 3243 censebant
939 3190 1001 3244 B.
1035 3193 1043 3258 Ι
1079 3194 1159 3245 19.
1197 3185 1323 3244 finis
1359 3191 1419 3244 B.
1454 3192 1462 3256 1
1494 3193 1579 3245 23.
1615 3189 1696 3242 ira
1737 3190 1797 3243 B.
1831 3192 1839 3256 Ι
1869 3192 1953 3243 25.
1992 3202 2335 3241 summovere
2371 3192 2482 3240 tur·

91 3277 192 3330 bas
232 3277 474 3344 (turbam
508 3277 583 3344 M)
621 3281 676 3330 et
710 3281 1004 3346 protegere
1042 3278 1162 3331 ΒΜ
1199 3284 1248 3332 et
1284 3279 1398 3333 cod.
1425 3294 1527 3331 rec.
1554 3277 1826 3346 plerique;
1862 3273 2252 3329 submonerent
2286 3272 2481 3327 turbas

93 3368 149 3416 et
193 3368 553 3432 protegerent
596 3365 730 3419 Lov.
764 3369 817 3430 2,
864 3367 910 3418 Ι.
951 3366 1014 3418 F.
1047 3365 1394 3429 GronoviuS‚-
1419 3362 1776 3416 submoveret
1821 3360 2017 3415 turbas
2065 3364 2123 3413 et
2165 3363 2484 3429 protegeret

92 3453 170 3505 ed.
198 3457 294 3505 vet.
328 3453 337 3517 Ι
368 3453 450 3505 27.
490 3464 674 3504 arcere
710 3452 1109 3512 Weissenborm
1146 3454 1358 3503 arceret
1393 3450 1515 3521 cod,
1526 3452 1773 3519 plerique
1795 3449 1884 3516 (B)
1908 3455 1957 3502 et
1983 3449 2060 3502 ed.
2083 3455 2195 3511 vet„
2232 3449 2484 3500 arcerent

93 3539 229 3593 Lov.
255 3542 308 3605 2,
346 3537 394 3591 Ι.
420 3538 488 3592 F.
514 3538 835 3592 Gronovius.
872 3539 880 3604 Ι
911 3536 1151 3589 tumultu
1189 3536 1464 3590 concitato
1491 3536 1729 3600 (concito
1764 3554 1856 3590 un.
1882 3535 2006 3602 rec.)
2029 3533 2196 3587 turba
2231 3536 2342 3590 cod.
2364 3537 2479 3603 ple-

93 3626 248 3693 rique
282 3623 400 3692 (B);
442 3622 607 3677 turba
651 3623 890 3676 tumultu
937 3623 1212 3676 concitato
1255 3623 1325 3691 M,
1364 3623 1603 3695 tumultu
1649 3623 1922 3677 concitata
1968 3622 2130 3675 turba
2163 3626 2201 3678 2
2236 3611 2352 3677 cod.
2378 3639 2477 3677 rec.

93 3712 252 3776 (Lov.
287 3713 361 3778 2),
408 3709 649 3765 tumultu
696 3710 912 3764 concita
957 3708 1122 3763 turba
1167 3713 1214 3764 I.
1242 3711 1310 3765 F.
1343 3711 1666 3775 GronoviuS,
1707 3709 1869 3764 turba
1914 3709 2158 3761 tumultu
2205 3708 2480 3761 concitata

93 3798 362 3867 Fueyner.

2553 2575 2587 2710 <000
