<?xml version="1.0" encoding="UTF-8"?>
<!DOCTYPE html PUBLIC "-//W3C//DTD XHTML 1.0 Transitional//EN"
    "http://www.w3.org/TR/xhtml1/DTD/xhtml1-transitional.dtd">
<html xmlns="http://www.w3.org/1999/xhtml" xml:lang="en" lang="en">
 <head>
  <title>
</title>
<meta http-equiv="Content-Type" content="text/html;charset=utf-8" />
  <meta name='ocr-system' content='tesseract 3.04.00' />
  <meta name='ocr-capabilities' content='ocr_page ocr_carea ocr_par ocr_line ocrx_word'/>
</head>
<body>
  <div class='ocr_page' id='page_1' title='image "./tliviaburbecond00zinggoog_0042.png"; bbox 0 0 2925 4278; ppageno 0'>
   <div class='ocr_carea' id='block_1_1' title="bbox 664 123 2569 208">
    <p class='ocr_par' dir='ltr' id='par_1_1' title="bbox 664 123 2569 208">
     <span class='ocr_line' id='line_1_1' title="bbox 664 123 2569 208; baseline -0.002 -18"><span class='ocrx_word' id='word_1_1' title='bbox 664 138 890 192; x_wconf 88' lang='lat' dir='ltr'>LIBER</span> <span class='ocrx_word' id='word_1_2' title='bbox 928 137 1195 192; x_wconf 90' lang='lat' dir='ltr'><strong>XXXVI.</strong></span> <span class='ocrx_word' id='word_1_3' title='bbox 1235 137 1403 192; x_wconf 86' lang='lat' dir='ltr'><strong>CAP.</strong></span> <span class='ocrx_word' id='word_1_4' title='bbox 1441 142 1524 195; x_wconf 86' lang='lat'>28.</span> <span class='ocrx_word' id='word_1_5' title='bbox 1552 142 1635 193; x_wconf 88' lang='lat'>29.</span> <span class='ocrx_word' id='word_1_6' title='bbox 1678 139 1747 207; x_wconf 83' lang='lat' dir='ltr'><strong>[a.</strong></span> <span class='ocrx_word' id='word_1_7' title='bbox 1774 139 1840 194; x_wconf 91' lang='lat' dir='ltr'>U.</span> <span class='ocrx_word' id='word_1_8' title='bbox 1867 155 1911 192; x_wconf 91' lang='lat' dir='ltr'><strong>c.</strong></span> <span class='ocrx_word' id='word_1_9' title='bbox 1942 140 2084 208; x_wconf 64' lang='lat'>563}</span> <span class='ocrx_word' id='word_1_10' title='bbox 2486 123 2569 187; x_wconf 83' lang='lat'>33</span> 
     </span>
    </p>
   </div>
   <div class='ocr_carea' id='block_1_2' title="bbox 67 311 2640 2296">
    <p class='ocr_par' dir='ltr' id='par_1_2' title="bbox 172 311 2637 654">
     <span class='ocr_line' id='line_1_2' title="bbox 178 311 2568 396; baseline 0 -18"><span class='ocrx_word' id='word_1_11' title='bbox 178 333 295 396; x_wconf 83' lang='lat' dir='ltr'>ego</span> <span class='ocrx_word' id='word_1_12' title='bbox 341 333 517 378; x_wconf 90' lang='lat' dir='ltr'>more</span> <span class='ocrx_word' id='word_1_13' title='bbox 561 314 849 377; x_wconf 89' lang='lat' dir='ltr'>Romano</span> <span class='ocrx_word' id='word_1_14' title='bbox 905 312 1239 396; x_wconf 91' lang='lat' dir='ltr'>imperium</span> <span class='ocrx_word' id='word_1_15' title='bbox 1283 312 1608 377; x_wconf 82' lang='lat' dir='ltr'><strong>inhibeam</strong></span> <span class='ocrx_word' id='word_1_16' title='bbox 1663 313 1730 376; x_wconf 94' lang='lat' dir='ltr'>in</span> <span class='ocrx_word' id='word_1_17' title='bbox 1776 311 2025 377; x_wconf 92' lang='lat' dir='ltr'>deditos</span> <span class='ocrx_word' id='word_1_18' title='bbox 2069 312 2256 378; x_wconf 94' lang='lat' dir='ltr'>modo</span> <span class='ocrx_word' id='word_1_19' title='bbox 2315 313 2568 379; x_wconf 90' lang='lat' dir='ltr'>decreto</span> 
     </span>
     <span class='ocr_line' id='line_1_3' title="bbox 176 398 2637 484; baseline 0.001 -20"><span class='ocrx_word' id='word_1_20' title='bbox 176 420 308 479; x_wconf 91' lang='lat' dir='ltr'>su0,</span> <span class='ocrx_word' id='word_1_21' title='bbox 356 406 506 463; x_wconf 92' lang='lat' dir='ltr'>ante</span> <span class='ocrx_word' id='word_1_22' title='bbox 552 399 744 463; x_wconf 90' lang='lat' dir='ltr'>armis</span> <span class='ocrx_word' id='word_1_23' title='bbox 789 399 1010 464; x_wconf 85' lang='lat' dir='ltr'>victos.</span> <span class='ocrx_word' id='word_1_24' title='bbox 1073 399 1307 482; x_wconf 87' lang='lat' dir='ltr'>itaque,</span> <span class='ocrx_word' id='word_1_25' title='bbox 1354 399 1422 462; x_wconf 93' lang='lat' dir='ltr'>ni</span> <span class='ocrx_word' id='word_1_26' title='bbox 1468 419 1734 483; x_wconf 83' lang='lat' dir='ltr'><strong>propere</strong></span> <span class='ocrx_word' id='word_1_27' title='bbox 1778 399 1867 478; x_wconf 90' lang='lat' dir='ltr'>fit,</span> <span class='ocrx_word' id='word_1_28' title='bbox 1917 398 2086 480; x_wconf 89' lang='lat' dir='ltr'>quod</span> <span class='ocrx_word' id='word_1_29' title='bbox 2132 401 2389 484; x_wconf 89' lang='lat' dir='ltr'>impero,</span> <span class='ocrx_word' id='word_1_30' title='bbox 2436 401 2568 464; x_wconf 89' lang='lat' dir='ltr'>vin·</span> <span class='ocrx_word' id='word_1_31' title='bbox 2608 420 2637 466; x_wconf 86' lang='lat'>6</span> 
     </span>
     <span class='ocr_line' id='line_1_4' title="bbox 177 485 2571 567; baseline 0 -17"><span class='ocrx_word' id='word_1_32' title='bbox 177 486 285 550; x_wconf 91' lang='lat' dir='ltr'>ciri</span> <span class='ocrx_word' id='word_1_33' title='bbox 332 505 448 551; x_wconf 90' lang='lat' dir='ltr'>vos</span> <span class='ocrx_word' id='word_1_34' title='bbox 493 486 621 550; x_wconf 92' lang='lat' dir='ltr'>iam</span> <span class='ocrx_word' id='word_1_35' title='bbox 653 485 949 550; x_wconf 88' lang='lat' dir='ltr'>iubebo.“</span> <span class='ocrx_word' id='word_1_36' title='bbox 1012 485 1351 567; x_wconf 86' lang='lat' dir='ltr'>afferrique</span> <span class='ocrx_word' id='word_1_37' title='bbox 1399 492 1680 550; x_wconf 88' lang='lat' dir='ltr'>catenas·</span> <span class='ocrx_word' id='word_1_38' title='bbox 1707 492 1770 549; x_wconf 94' lang='lat' dir='ltr'>et</span> <span class='ocrx_word' id='word_1_39' title='bbox 1816 486 2273 550; x_wconf 81' lang='lat' dir='ltr'>circumsistere</span> <span class='ocrx_word' id='word_1_40' title='bbox 2320 488 2571 551; x_wconf 80' lang='lat' dir='ltr'><strong>lictores</strong></span> 
     </span>
     <span class='ocr_line' id='line_1_5' title="bbox 172 571 2573 654; baseline 0 -17"><span class='ocrx_word' id='word_1_41' title='bbox 172 572 373 637; x_wconf 91' lang='lat' dir='ltr'>iussit.</span> <span class='ocrx_word' id='word_1_42' title='bbox 451 578 585 636; x_wconf 91' lang='lat' dir='ltr'>tum</span> <span class='ocrx_word' id='word_1_43' title='bbox 632 571 835 636; x_wconf 88' lang='lat' dir='ltr'>fracta</span> <span class='ocrx_word' id='word_1_44' title='bbox 879 571 1218 636; x_wconf 82' lang='lat' dir='ltr'>Phaeneae</span> <span class='ocrx_word' id='word_1_45' title='bbox 1277 571 1517 637; x_wconf 88' lang='lat' dir='ltr'>ferocia</span> <span class='ocrx_word' id='word_1_46' title='bbox 1560 572 1927 654; x_wconf 91' lang='lat' dir='ltr'>Aetolisque</span> <span class='ocrx_word' id='word_1_47' title='bbox 1973 571 2113 636; x_wconf 90' lang='lat' dir='ltr'>aliis</span> <span class='ocrx_word' id='word_1_48' title='bbox 2160 578 2273 652; x_wconf 92' lang='lat' dir='ltr'>est,</span> <span class='ocrx_word' id='word_1_49' title='bbox 2332 580 2395 636; x_wconf 94' lang='lat' dir='ltr'>et</span> <span class='ocrx_word' id='word_1_50' title='bbox 2440 579 2573 637; x_wconf 83' lang='lat' dir='ltr'>tan-</span> 
     </span>
    </p>

    <p class='ocr_par' dir='ltr' id='par_1_3' title="bbox 102 657 2637 1086">
     <span class='ocr_line' id='line_1_6' title="bbox 102 657 2637 742; baseline -0.001 -15"><span class='ocrx_word' id='word_1_51' title='bbox 102 681 134 727; x_wconf 82' lang='lat'>5</span> <span class='ocrx_word' id='word_1_52' title='bbox 175 658 325 722; x_wconf 85' lang='lat' dir='ltr'>dem</span> <span class='ocrx_word' id='word_1_53' title='bbox 367 658 544 723; x_wconf 91' lang='lat' dir='ltr'>cuius</span> <span class='ocrx_word' id='word_1_54' title='bbox 591 657 983 723; x_wconf 89' lang='lat' dir='ltr'>condicionis</span> <span class='ocrx_word' id='word_1_55' title='bbox 1028 663 1242 723; x_wconf 89' lang='lat' dir='ltr'>essent</span> <span class='ocrx_word' id='word_1_56' title='bbox 1288 664 1650 742; x_wconf 81' lang='lat' dir='ltr'>senserunt3</span> <span class='ocrx_word' id='word_1_57' title='bbox 1709 665 1772 722; x_wconf 91' lang='lat' dir='ltr'>et</span> <span class='ocrx_word' id='word_1_58' title='bbox 1816 658 2151 723; x_wconf 84' lang='lat' dir='ltr'>Phaeneas</span> <span class='ocrx_word' id='word_1_59' title='bbox 2197 677 2265 722; x_wconf 95' lang='lat' dir='ltr'>se</span> <span class='ocrx_word' id='word_1_60' title='bbox 2313 658 2570 740; x_wconf 91' lang='lat' dir='ltr'>quidem</span> <span class='ocrx_word' id='word_1_61' title='bbox 2611 678 2637 725; x_wconf 87' lang='lat'>7</span> 
     </span>
     <span class='ocr_line' id='line_1_7' title="bbox 175 743 2569 827; baseline 0 -18"><span class='ocrx_word' id='word_1_62' title='bbox 175 752 237 809; x_wconf 90' lang='lat' dir='ltr'>et</span> <span class='ocrx_word' id='word_1_63' title='bbox 295 745 403 825; x_wconf 89' lang='lat' dir='ltr'>qui</span> <span class='ocrx_word' id='word_1_64' title='bbox 464 744 676 809; x_wconf 82' lang='lat' dir='ltr'>adsint</span> <span class='ocrx_word' id='word_1_65' title='bbox 723 745 1090 809; x_wconf 85' lang='lat' dir='ltr'>Aetolorum</span> <span class='ocrx_word' id='word_1_66' title='bbox 1152 744 1311 809; x_wconf 92' lang='lat' dir='ltr'>scire</span> <span class='ocrx_word' id='word_1_67' title='bbox 1372 743 1670 809; x_wconf 89' lang='lat' dir='ltr'>facienda</span> <span class='ocrx_word' id='word_1_68' title='bbox 1715 764 1875 825; x_wconf 91' lang='lat' dir='ltr'>esse,</span> <span class='ocrx_word' id='word_1_69' title='bbox 1938 765 2100 826; x_wconf 89' lang='lat' dir='ltr'>quae</span> <span class='ocrx_word' id='word_1_70' title='bbox 2160 745 2569 827; x_wconf 83' lang='lat' dir='ltr'>imperentur,</span> 
     </span>
     <span class='ocr_line' id='line_1_8' title="bbox 169 829 2629 914; baseline 0 -21"><span class='ocrx_word' id='word_1_71' title='bbox 169 830 354 911; x_wconf 86' lang='lat' dir='ltr'>dixit,</span> <span class='ocrx_word' id='word_1_72' title='bbox 403 831 518 896; x_wconf 93' lang='lat' dir='ltr'>sed</span> <span class='ocrx_word' id='word_1_73' title='bbox 563 830 646 895; x_wconf 92' lang='lat' dir='ltr'>ad</span> <span class='ocrx_word' id='word_1_74' title='bbox 693 829 1097 895; x_wconf 88' lang='lat' dir='ltr'>decernenda</span> <span class='ocrx_word' id='word_1_75' title='bbox 1128 851 1204 894; x_wconf 91' lang='lat' dir='ltr'>ea</span> <span class='ocrx_word' id='word_1_76' title='bbox 1252 831 1518 896; x_wconf 90' lang='lat' dir='ltr'>concilio</span> <span class='ocrx_word' id='word_1_77' title='bbox 1550 832 1913 895; x_wconf 87' lang='lat' dir='ltr'>Aetolorum</span> <span class='ocrx_word' id='word_1_78' title='bbox 1953 851 2112 914; x_wconf 89' lang='lat' dir='ltr'>opus</span> <span class='ocrx_word' id='word_1_79' title='bbox 2160 851 2326 913; x_wconf 91' lang='lat' dir='ltr'>esse;</span> <span class='ocrx_word' id='word_1_80' title='bbox 2374 830 2459 895; x_wconf 97' lang='lat' dir='ltr'>ad</span> <span class='ocrx_word' id='word_1_81' title='bbox 2504 831 2570 894; x_wconf 93' lang='lat' dir='ltr'>id</span> <span class='ocrx_word' id='word_1_82' title='bbox 2625 852 2629 857; x_wconf 91' lang='lat'>·</span> 
     </span>
     <span class='ocr_line' id='line_1_9' title="bbox 172 915 2636 1002; baseline 0 -20"><span class='ocrx_word' id='word_1_83' title='bbox 172 923 388 1001; x_wconf 89' lang='lat' dir='ltr'>petere</span> <span class='ocrx_word' id='word_1_84' title='bbox 456 924 526 981; x_wconf 96' lang='lat' dir='ltr'>ut</span> <span class='ocrx_word' id='word_1_85' title='bbox 588 915 810 982; x_wconf 92' lang='lat' dir='ltr'>decem</span> <span class='ocrx_word' id='word_1_86' title='bbox 872 917 1116 981; x_wconf 92' lang='lat' dir='ltr'>dierum</span> <span class='ocrx_word' id='word_1_87' title='bbox 1184 915 1462 981; x_wconf 86' lang='lat' dir='ltr'>indutias</span> <span class='ocrx_word' id='word_1_88' title='bbox 1538 917 1735 981; x_wconf 89' lang='lat' dir='ltr'>daret.</span> <span class='ocrx_word' id='word_1_89' title='bbox 1836 923 2093 1000; x_wconf 89' lang='lat' dir='ltr'>petente</span> <span class='ocrx_word' id='word_1_90' title='bbox 2153 917 2383 981; x_wconf 88' lang='lat' dir='ltr'>Flacco</span> <span class='ocrx_word' id='word_1_91' title='bbox 2454 939 2566 1002; x_wconf 88' lang='lat' dir='ltr'>pro</span> <span class='ocrx_word' id='word_1_92' title='bbox 2605 938 2636 983; x_wconf 84' lang='lat' dir='ltr'>s</span> 
     </span>
     <span class='ocr_line' id='line_1_10' title="bbox 171 1003 2568 1086; baseline 0 -18"><span class='ocrx_word' id='word_1_93' title='bbox 171 1003 413 1068; x_wconf 92' lang='lat' dir='ltr'>Aetolis</span> <span class='ocrx_word' id='word_1_94' title='bbox 471 1003 759 1067; x_wconf 91' lang='lat' dir='ltr'>indutiae</span> <span class='ocrx_word' id='word_1_95' title='bbox 819 1003 1007 1067; x_wconf 87' lang='lat' dir='ltr'>datae</span> <span class='ocrx_word' id='word_1_96' title='bbox 1069 1009 1132 1067; x_wconf 92' lang='lat' dir='ltr'>et</span> <span class='ocrx_word' id='word_1_97' title='bbox 1192 1004 1519 1086; x_wconf 85' lang='lat' dir='ltr'>Hypatam</span> <span class='ocrx_word' id='word_1_98' title='bbox 1579 1003 1851 1068; x_wconf 87' lang='lat' dir='ltr'>reditum</span> <span class='ocrx_word' id='word_1_99' title='bbox 1914 1010 2025 1068; x_wconf 91' lang='lat' dir='ltr'>est.</span> <span class='ocrx_word' id='word_1_100' title='bbox 2127 1004 2237 1068; x_wconf 93' lang='lat' dir='ltr'>ubi</span> <span class='ocrx_word' id='word_1_101' title='bbox 2299 1025 2441 1068; x_wconf 91' lang='lat' dir='ltr'>eum</span> <span class='ocrx_word' id='word_1_102' title='bbox 2503 1006 2568 1068; x_wconf 93' lang='lat' dir='ltr'>in</span> 
     </span>
    </p>

    <p class='ocr_par' dir='ltr' id='par_1_4' title="bbox 68 1089 2640 1499">
     <span class='ocr_line' id='line_1_11' title="bbox 68 1089 2567 1172; baseline -0.002 -13"><span class='ocrx_word' id='word_1_103' title='bbox 68 1113 131 1159; x_wconf 90' lang='lat'>10</span> <span class='ocrx_word' id='word_1_104' title='bbox 173 1089 432 1154; x_wconf 92' lang='lat' dir='ltr'>consilio</span> <span class='ocrx_word' id='word_1_105' title='bbox 492 1089 897 1170; x_wconf 91' lang='lat' dir='ltr'>delectorum,</span> <span class='ocrx_word' id='word_1_106' title='bbox 962 1106 1119 1171; x_wconf 92' lang='lat' dir='ltr'>quos</span> <span class='ocrx_word' id='word_1_107' title='bbox 1178 1090 1502 1172; x_wconf 80' lang='lat' dir='ltr'>apocletos</span> <span class='ocrx_word' id='word_1_108' title='bbox 1548 1096 1800 1170; x_wconf 90' lang='lat' dir='ltr'>vocant,</span> <span class='ocrx_word' id='word_1_109' title='bbox 1862 1089 2218 1170; x_wconf 86' lang='lat' dir='ltr'>Phaeneas,</span> <span class='ocrx_word' id='word_1_110' title='bbox 2280 1098 2342 1155; x_wconf 93' lang='lat' dir='ltr'>et</span> <span class='ocrx_word' id='word_1_111' title='bbox 2402 1111 2567 1172; x_wconf 90' lang='lat' dir='ltr'>quae</span> 
     </span>
     <span class='ocr_line' id='line_1_12' title="bbox 169 1174 2634 1260; baseline 0.001 -20"><span class='ocrx_word' id='word_1_112' title='bbox 169 1177 636 1259; x_wconf 89' lang='lat' dir='ltr'>imperarentur</span> <span class='ocrx_word' id='word_1_113' title='bbox 683 1183 745 1240; x_wconf 91' lang='lat' dir='ltr'>et</span> <span class='ocrx_word' id='word_1_114' title='bbox 792 1195 956 1258; x_wconf 89' lang='lat' dir='ltr'>quae</span> <span class='ocrx_word' id='word_1_115' title='bbox 1001 1176 1159 1259; x_wconf 92' lang='lat' dir='ltr'>ipsis</span> <span class='ocrx_word' id='word_1_116' title='bbox 1202 1195 1401 1259; x_wconf 88' lang='lat' dir='ltr'>prope</span> <span class='ocrx_word' id='word_1_117' title='bbox 1447 1174 1851 1256; x_wconf 90' lang='lat' dir='ltr'>accidissent,</span> <span class='ocrx_word' id='word_1_118' title='bbox 1915 1176 2332 1260; x_wconf 87' lang='lat' dir='ltr'>exposuisset,</span> <span class='ocrx_word' id='word_1_119' title='bbox 2394 1177 2565 1258; x_wconf 86' lang='lat' dir='ltr'>inge·</span> <span class='ocrx_word' id='word_1_120' title='bbox 2605 1197 2634 1243; x_wconf 86' lang='lat'>9</span> 
     </span>
     <span class='ocr_line' id='line_1_13' title="bbox 169 1261 2568 1346; baseline 0 -20"><span class='ocrx_word' id='word_1_121' title='bbox 169 1269 465 1327; x_wconf 92' lang='lat' dir='ltr'>muerunt</span> <span class='ocrx_word' id='word_1_122' title='bbox 512 1261 767 1344; x_wconf 92' lang='lat' dir='ltr'>quidem</span> <span class='ocrx_word' id='word_1_123' title='bbox 815 1262 1134 1346; x_wconf 91' lang='lat' dir='ltr'>principes</span> <span class='ocrx_word' id='word_1_124' title='bbox 1181 1261 1538 1326; x_wconf 90' lang='lat' dir='ltr'>condicioni</span> <span class='ocrx_word' id='word_1_125' title='bbox 1579 1282 1750 1344; x_wconf 85' lang='lat' dir='ltr'>suae,</span> <span class='ocrx_word' id='word_1_126' title='bbox 1785 1261 2135 1345; x_wconf 89' lang='lat' dir='ltr'>parendum</span> <span class='ocrx_word' id='word_1_127' title='bbox 2182 1268 2397 1326; x_wconf 86' lang='lat' dir='ltr'>tamen</span> <span class='ocrx_word' id='word_1_128' title='bbox 2443 1264 2568 1326; x_wconf 89' lang='lat' dir='ltr'>vic-</span> 
     </span>
     <span class='ocr_line' id='line_1_14' title="bbox 170 1347 2640 1431; baseline -0 -18"><span class='ocrx_word' id='word_1_129' title='bbox 170 1350 289 1413; x_wconf 89' lang='lat' dir='ltr'>tori</span> <span class='ocrx_word' id='word_1_130' title='bbox 337 1349 689 1413; x_wconf 87' lang='lat' dir='ltr'>censebant</span> <span class='ocrx_word' id='word_1_131' title='bbox 750 1355 814 1414; x_wconf 93' lang='lat' dir='ltr'>et</span> <span class='ocrx_word' id='word_1_132' title='bbox 875 1369 957 1413; x_wconf 94' lang='lat' dir='ltr'>ex</span> <span class='ocrx_word' id='word_1_133' title='bbox 1019 1349 1315 1413; x_wconf 91' lang='lat' dir='ltr'>omnibus</span> <span class='ocrx_word' id='word_1_134' title='bbox 1375 1348 1630 1431; x_wconf 88' lang='lat' dir='ltr'>oppidis</span> <span class='ocrx_word' id='word_1_135' title='bbox 1692 1347 2137 1413; x_wconf 87' lang='lat' dir='ltr'>convocandos</span> <span class='ocrx_word' id='word_1_136' title='bbox 2181 1348 2456 1412; x_wconf 63' lang='lat' dir='ltr'>Aetolos&gt;</span> <span class='ocrx_word' id='word_1_137' title='bbox 2484 1348 2569 1412; x_wconf 91' lang='lat' dir='ltr'>ad</span> <span class='ocrx_word' id='word_1_138' title='bbox 2635 1359 2640 1363; x_wconf 85' lang='grc'><em>“</em></span> 
     </span>
     <span class='ocr_line' id='line_1_15' title="bbox 171 1435 525 1499; baseline -0.003 0"><span class='ocrx_word' id='word_1_139' title='bbox 171 1435 525 1499; x_wconf 90' lang='lat' dir='ltr'>concilium.</span> 
     </span>
    </p>

    <p class='ocr_par' dir='ltr' id='par_1_5' title="bbox 67 1520 2634 1949">
     <span class='ocr_line' id='line_1_16' title="bbox 67 1520 2633 1602; baseline -0.002 -13"><span class='ocrx_word' id='word_1_140' title='bbox 67 1542 129 1589; x_wconf 85' lang='lat'>15</span> <span class='ocrx_word' id='word_1_141' title='bbox 380 1522 623 1585; x_wconf 90' lang='lat' dir='ltr'><strong>XXIX.</strong></span> <span class='ocrx_word' id='word_1_142' title='bbox 688 1522 1033 1602; x_wconf 90' lang='lat' dir='ltr'>Postquam</span> <span class='ocrx_word' id='word_1_143' title='bbox 1080 1540 1231 1585; x_wconf 89' lang='lat' dir='ltr'>vero</span> <span class='ocrx_word' id='word_1_144' title='bbox 1278 1527 1498 1584; x_wconf 88' lang='lat' dir='ltr'>coacta</span> <span class='ocrx_word' id='word_1_145' title='bbox 1542 1520 1749 1585; x_wconf 91' lang='lat' dir='ltr'>omnis</span> <span class='ocrx_word' id='word_1_146' title='bbox 1807 1520 2142 1584; x_wconf 87' lang='lat' dir='ltr'>multitudo</span> <span class='ocrx_word' id='word_1_147' title='bbox 2189 1520 2415 1586; x_wconf 91' lang='lat' dir='ltr'>eadem</span> <span class='ocrx_word' id='word_1_148' title='bbox 2461 1521 2569 1584; x_wconf 91' lang='lat' dir='ltr'>illa</span> <span class='ocrx_word' id='word_1_149' title='bbox 2610 1540 2633 1584; x_wconf 94' lang='lat'>1</span> 
     </span>
     <span class='ocr_line' id='line_1_17' title="bbox 169 1605 2568 1691; baseline -0 -20"><span class='ocrx_word' id='word_1_150' title='bbox 169 1607 438 1686; x_wconf 88' lang='lat' dir='ltr'>audivit,</span> <span class='ocrx_word' id='word_1_151' title='bbox 485 1607 644 1673; x_wconf 90' lang='lat' dir='ltr'>adeo</span> <span class='ocrx_word' id='word_1_152' title='bbox 692 1607 962 1672; x_wconf 89' lang='lat' dir='ltr'>saevitia</span> <span class='ocrx_word' id='word_1_153' title='bbox 1005 1607 1253 1690; x_wconf 91' lang='lat' dir='ltr'>imperii</span> <span class='ocrx_word' id='word_1_154' title='bbox 1299 1614 1491 1688; x_wconf 91' lang='lat' dir='ltr'>atque</span> <span class='ocrx_word' id='word_1_155' title='bbox 1537 1605 1919 1690; x_wconf 85' lang='lat' dir='ltr'>indignitate</span> <span class='ocrx_word' id='word_1_156' title='bbox 1965 1608 2159 1671; x_wconf 90' lang='lat' dir='ltr'>animi</span> <span class='ocrx_word' id='word_1_157' title='bbox 2208 1608 2568 1691; x_wconf 88' lang='lat' dir='ltr'>exasperati</span> 
     </span>
     <span class='ocr_line' id='line_1_18' title="bbox 172 1693 2568 1778; baseline -0.001 -19"><span class='ocrx_word' id='word_1_158' title='bbox 172 1700 339 1773; x_wconf 88' lang='lat' dir='ltr'>sunt,</span> <span class='ocrx_word' id='word_1_159' title='bbox 388 1701 476 1773; x_wconf 90' lang='lat' dir='ltr'>ut,</span> <span class='ocrx_word' id='word_1_160' title='bbox 524 1694 577 1758; x_wconf 95' lang='lat' dir='ltr'>si</span> <span class='ocrx_word' id='word_1_161' title='bbox 623 1695 688 1757; x_wconf 94' lang='lat' dir='ltr'>in</span> <span class='ocrx_word' id='word_1_162' title='bbox 735 1713 895 1776; x_wconf 89' lang='lat' dir='ltr'>pace</span> <span class='ocrx_word' id='word_1_163' title='bbox 939 1693 1230 1773; x_wconf 89' lang='lat' dir='ltr'>fuissent,</span> <span class='ocrx_word' id='word_1_164' title='bbox 1278 1693 1384 1756; x_wconf 94' lang='lat' dir='ltr'>illo</span> <span class='ocrx_word' id='word_1_165' title='bbox 1431 1694 1673 1775; x_wconf 88' lang='lat' dir='ltr'>impetu</span> <span class='ocrx_word' id='word_1_166' title='bbox 1719 1695 1851 1758; x_wconf 89' lang='lat' dir='ltr'>irae</span> <span class='ocrx_word' id='word_1_167' title='bbox 1899 1694 2201 1758; x_wconf 89' lang='lat' dir='ltr'>concitari</span> <span class='ocrx_word' id='word_1_168' title='bbox 2249 1695 2568 1778; x_wconf 90' lang='lat' dir='ltr'>potuerint</span> 
     </span>
     <span class='ocr_line' id='line_1_19' title="bbox 172 1778 2634 1863; baseline 0 -20"><span class='ocrx_word' id='word_1_169' title='bbox 172 1780 253 1843; x_wconf 93' lang='lat' dir='ltr'>ad</span> <span class='ocrx_word' id='word_1_170' title='bbox 301 1780 557 1845; x_wconf 91' lang='lat' dir='ltr'>bellum.</span> <span class='ocrx_word' id='word_1_171' title='bbox 650 1779 735 1844; x_wconf 93' lang='lat' dir='ltr'>ad</span> <span class='ocrx_word' id='word_1_172' title='bbox 780 1780 940 1844; x_wconf 88' lang='lat' dir='ltr'>iram</span> <span class='ocrx_word' id='word_1_173' title='bbox 985 1778 1335 1844; x_wconf 91' lang='lat' dir='ltr'>accedebat</span> <span class='ocrx_word' id='word_1_174' title='bbox 1381 1787 1443 1844; x_wconf 91' lang='lat' dir='ltr'>et</span> <span class='ocrx_word' id='word_1_175' title='bbox 1492 1779 1833 1844; x_wconf 88' lang='lat' dir='ltr'>difficultas</span> <span class='ocrx_word' id='word_1_176' title='bbox 1880 1800 2115 1859; x_wconf 88' lang='lat' dir='ltr'>eorum,</span> <span class='ocrx_word' id='word_1_177' title='bbox 2164 1800 2327 1861; x_wconf 90' lang='lat' dir='ltr'>quae</span> <span class='ocrx_word' id='word_1_178' title='bbox 2372 1781 2566 1863; x_wconf 90' lang='lat' dir='ltr'>impe·</span> <span class='ocrx_word' id='word_1_179' title='bbox 2605 1798 2634 1843; x_wconf 83' lang='lat'><strong>2</strong></span> 
     </span>
     <span class='ocr_line' id='line_1_20' title="bbox 172 1865 2567 1949; baseline 0 -20"><span class='ocrx_word' id='word_1_180' title='bbox 172 1872 460 1931; x_wconf 87' lang='lat' dir='ltr'>rarentur</span> <span class='ocrx_word' id='word_1_181' title='bbox 506 1904 590 1912; x_wconf 92' lang='lat'>—</span> <span class='ocrx_word' id='word_1_182' title='bbox 638 1887 914 1948; x_wconf 91' lang='lat' dir='ltr'>quonam</span> <span class='ocrx_word' id='word_1_183' title='bbox 959 1865 1146 1930; x_wconf 91' lang='lat' dir='ltr'>modo</span> <span class='ocrx_word' id='word_1_184' title='bbox 1194 1866 1363 1931; x_wconf 92' lang='lat' dir='ltr'>enim</span> <span class='ocrx_word' id='word_1_185' title='bbox 1410 1865 1630 1947; x_wconf 90' lang='lat' dir='ltr'>utique</span> <span class='ocrx_word' id='word_1_186' title='bbox 1691 1886 1907 1949; x_wconf 81' lang='lat' dir='ltr'>regem</span> <span class='ocrx_word' id='word_1_187' title='bbox 1954 1866 2441 1948; x_wconf 87' lang='lat' dir='ltr'>Amynandrum</span> <span class='ocrx_word' id='word_1_188' title='bbox 2499 1887 2567 1930; x_wconf 92' lang='lat' dir='ltr'>se</span> 
     </span>
    </p>

    <p class='ocr_par' dir='ltr' id='par_1_6' title="bbox 67 1951 2638 2296">
     <span class='ocr_line' id='line_1_21' title="bbox 67 1951 2635 2036; baseline -0.001 -17"><span class='ocrx_word' id='word_1_189' title='bbox 67 1972 136 2019; x_wconf 84' lang='lat'>20</span> <span class='ocrx_word' id='word_1_190' title='bbox 172 1952 422 2016; x_wconf 88' lang='lat' dir='ltr'>tradere</span> <span class='ocrx_word' id='word_1_191' title='bbox 470 1953 707 2036; x_wconf 77' lang='lat' dir='ltr'>posse?</span> <span class='ocrx_word' id='word_1_192' title='bbox 768 1990 854 1998; x_wconf 93' lang='lat'>—</span> <span class='ocrx_word' id='word_1_193' title='bbox 915 1959 978 2016; x_wconf 93' lang='lat' dir='ltr'>et</span> <span class='ocrx_word' id='word_1_194' title='bbox 1025 1972 1172 2035; x_wconf 91' lang='lat' dir='ltr'>spes</span> <span class='ocrx_word' id='word_1_195' title='bbox 1218 1951 1377 2016; x_wconf 88' lang='lat' dir='ltr'>forte</span> <span class='ocrx_word' id='word_1_196' title='bbox 1425 1952 1656 2032; x_wconf 83' lang='lat' dir='ltr'>oblata,</span> <span class='ocrx_word' id='word_1_197' title='bbox 1722 1951 1893 2033; x_wconf 89' lang='lat' dir='ltr'>quod</span> <span class='ocrx_word' id='word_1_198' title='bbox 1939 1951 2262 2015; x_wconf 87' lang='lat' dir='ltr'>Nicander</span> <span class='ocrx_word' id='word_1_199' title='bbox 2308 1973 2382 2017; x_wconf 92' lang='lat' dir='ltr'>eo</span> <span class='ocrx_word' id='word_1_200' title='bbox 2427 1952 2565 2034; x_wconf 90' lang='lat' dir='ltr'>ipso</span> <span class='ocrx_word' id='word_1_201' title='bbox 2605 1970 2635 2016; x_wconf 89' lang='lat'><strong>3</strong></span> 
     </span>
     <span class='ocr_line' id='line_1_22' title="bbox 172 2038 2569 2122; baseline 0 -21"><span class='ocrx_word' id='word_1_202' title='bbox 172 2045 458 2121; x_wconf 86' lang='lat' dir='ltr'>tempore</span> <span class='ocrx_word' id='word_1_203' title='bbox 518 2040 601 2104; x_wconf 93' lang='lat' dir='ltr'>ab</span> <span class='ocrx_word' id='word_1_204' title='bbox 663 2058 815 2122; x_wconf 86' lang='lat' dir='ltr'>rege</span> <span class='ocrx_word' id='word_1_205' title='bbox 861 2038 1176 2104; x_wconf 92' lang='lat' dir='ltr'>Antiocho</span> <span class='ocrx_word' id='word_1_206' title='bbox 1235 2038 1502 2102; x_wconf 87' lang='lat' dir='ltr'>veniens</span> <span class='ocrx_word' id='word_1_207' title='bbox 1561 2038 1849 2122; x_wconf 90' lang='lat' dir='ltr'>implevit</span> <span class='ocrx_word' id='word_1_208' title='bbox 1896 2039 2340 2121; x_wconf 83' lang='lat' dir='ltr'>expectatione</span> <span class='ocrx_word' id='word_1_209' title='bbox 2400 2058 2569 2102; x_wconf 86' lang='lat' dir='ltr'>vana</span> 
     </span>
     <span class='ocr_line' id='line_1_23' title="bbox 171 2123 2638 2209; baseline 0 -20"><span class='ocrx_word' id='word_1_210' title='bbox 171 2124 659 2206; x_wconf 90' lang='lat' dir='ltr'>multitudinem,</span> <span class='ocrx_word' id='word_1_211' title='bbox 707 2131 875 2190; x_wconf 91' lang='lat' dir='ltr'>terra</span> <span class='ocrx_word' id='word_1_212' title='bbox 928 2125 1215 2208; x_wconf 90' lang='lat' dir='ltr'>marique</span> <span class='ocrx_word' id='word_1_213' title='bbox 1280 2125 1511 2209; x_wconf 88' lang='lat' dir='ltr'>ingens</span> <span class='ocrx_word' id='word_1_214' title='bbox 1564 2125 1774 2208; x_wconf 90' lang='lat' dir='ltr'>parari</span> <span class='ocrx_word' id='word_1_215' title='bbox 1829 2124 2081 2189; x_wconf 93' lang='lat' dir='ltr'>bellum.</span> <span class='ocrx_word' id='word_1_216' title='bbox 2174 2123 2567 2190; x_wconf 92' lang='lat' dir='ltr'>duodecumo</span> <span class='ocrx_word' id='word_1_217' title='bbox 2606 2144 2638 2190; x_wconf 88' lang='lat'>4</span> 
     </span>
     <span class='ocr_line' id='line_1_24' title="bbox 171 2211 2569 2296; baseline 0 -21"><span class='ocrx_word' id='word_1_218' title='bbox 171 2213 224 2277; x_wconf 91' lang='lat' dir='ltr'>is</span> <span class='ocrx_word' id='word_1_219' title='bbox 273 2212 398 2292; x_wconf 90' lang='lat' dir='ltr'>die,</span> <span class='ocrx_word' id='word_1_220' title='bbox 448 2233 639 2293; x_wconf 91' lang='lat' dir='ltr'>quam</span> <span class='ocrx_word' id='word_1_221' title='bbox 681 2212 1134 2278; x_wconf 88' lang='lat' dir='ltr'>conscenderat</span> <span class='ocrx_word' id='word_1_222' title='bbox 1177 2233 1430 2291; x_wconf 89' lang='lat' dir='ltr'>navem,</span> <span class='ocrx_word' id='word_1_223' title='bbox 1479 2212 1544 2275; x_wconf 90' lang='lat' dir='ltr'>in</span> <span class='ocrx_word' id='word_1_224' title='bbox 1584 2211 1896 2275; x_wconf 89' lang='lat' dir='ltr'>Aetoliam</span> <span class='ocrx_word' id='word_1_225' title='bbox 1937 2212 2219 2296; x_wconf 88' lang='lat' dir='ltr'>perfecta</span> <span class='ocrx_word' id='word_1_226' title='bbox 2250 2212 2569 2294; x_wconf 83' lang='lat' dir='ltr'>legatione</span> 
     </span>
    </p>
   </div>
   <div class='ocr_carea' id='block_1_3' title="bbox 172 2297 2733 2381">
    <p class='ocr_par' dir='ltr' id='par_1_7' title="bbox 172 2297 2733 2381">
     <span class='ocr_line' id='line_1_25' title="bbox 172 2297 2733 2381; baseline 0 -18"><span class='ocrx_word' id='word_1_227' title='bbox 172 2298 431 2363; x_wconf 89' lang='lat' dir='ltr'>rediens</span> <span class='ocrx_word' id='word_1_228' title='bbox 476 2298 748 2363; x_wconf 88' lang='lat' dir='ltr'>Phalara</span> <span class='ocrx_word' id='word_1_229' title='bbox 792 2300 856 2362; x_wconf 94' lang='lat' dir='ltr'>in</span> <span class='ocrx_word' id='word_1_230' title='bbox 907 2299 1048 2363; x_wconf 91' lang='lat' dir='ltr'>sinu</span> <span class='ocrx_word' id='word_1_231' title='bbox 1093 2299 1358 2362; x_wconf 90' lang='lat' dir='ltr'>Maliaco</span> <span class='ocrx_word' id='word_1_232' title='bbox 1404 2298 1624 2362; x_wconf 89' lang='lat' dir='ltr'>tenuit.</span> <span class='ocrx_word' id='word_1_233' title='bbox 1703 2297 1853 2362; x_wconf 91' lang='lat' dir='ltr'>inde</span> <span class='ocrx_word' id='word_1_234' title='bbox 1897 2298 2185 2363; x_wconf 87' lang='lat' dir='ltr'>Lamiam</span> <span class='ocrx_word' id='word_1_235' title='bbox 2231 2298 2567 2381; x_wconf 90' lang='lat' dir='ltr'>pecuniam</span> <span class='ocrx_word' id='word_1_236' title='bbox 2605 2317 2635 2364; x_wconf 86' lang='lat'>5</span> <span class='ocrx_word' id='word_1_237' title='bbox 2730 2365 2733 2370; x_wconf 16' lang='grc' dir='ltr'><strong>Α</strong></span> 
     </span>
    </p>
   </div>
   <div class='ocr_carea' id='block_1_4' title="bbox 62 2383 2636 3072">
    <p class='ocr_par' dir='ltr' id='par_1_8' title="bbox 62 2383 2636 2814">
     <span class='ocr_line' id='line_1_26' title="bbox 62 2383 2568 2469; baseline -0.002 -17"><span class='ocrx_word' id='word_1_238' title='bbox 62 2405 136 2452; x_wconf 74' lang='grc'>·25</span> <span class='ocrx_word' id='word_1_239' title='bbox 176 2405 321 2449; x_wconf 90' lang='lat' dir='ltr'>cum</span> <span class='ocrx_word' id='word_1_240' title='bbox 369 2383 756 2465; x_wconf 88' lang='lat' dir='ltr'>devexisset,</span> <span class='ocrx_word' id='word_1_241' title='bbox 819 2385 956 2469; x_wconf 92' lang='lat' dir='ltr'>ipse</span> <span class='ocrx_word' id='word_1_242' title='bbox 1004 2405 1147 2449; x_wconf 92' lang='lat' dir='ltr'>cum</span> <span class='ocrx_word' id='word_1_243' title='bbox 1208 2383 1527 2467; x_wconf 90' lang='lat' dir='ltr'>expeditis</span> <span class='ocrx_word' id='word_1_244' title='bbox 1586 2384 1790 2468; x_wconf 89' lang='lat' dir='ltr'>prima</span> <span class='ocrx_word' id='word_1_245' title='bbox 1835 2404 2102 2467; x_wconf 87' lang='lat' dir='ltr'>vespera</span> <span class='ocrx_word' id='word_1_246' title='bbox 2161 2385 2323 2448; x_wconf 90' lang='lat' dir='ltr'>inter</span> <span class='ocrx_word' id='word_1_247' title='bbox 2369 2384 2568 2447; x_wconf 90' lang='lat' dir='ltr'>Mace-</span> 
     </span>
     <span class='ocr_line' id='line_1_27' title="bbox 170 2470 2569 2554; baseline -0.001 -18"><span class='ocrx_word' id='word_1_248' title='bbox 170 2472 411 2537; x_wconf 92' lang='lat' dir='ltr'>donum</span> <span class='ocrx_word' id='word_1_249' title='bbox 442 2473 854 2553; x_wconf 90' lang='lat' dir='ltr'>Romanaque</span> <span class='ocrx_word' id='word_1_250' title='bbox 901 2477 1108 2535; x_wconf 88' lang='lat' dir='ltr'>castra</span> <span class='ocrx_word' id='word_1_251' title='bbox 1154 2470 1364 2534; x_wconf 91' lang='lat' dir='ltr'>medio</span> <span class='ocrx_word' id='word_1_252' title='bbox 1409 2490 1583 2553; x_wconf 84' lang='lat' dir='ltr'>agro,</span> <span class='ocrx_word' id='word_1_253' title='bbox 1632 2470 1783 2533; x_wconf 92' lang='lat' dir='ltr'>dum</span> <span class='ocrx_word' id='word_1_254' title='bbox 1829 2471 2155 2554; x_wconf 85' lang='lat' dir='ltr'>Hypatam</span> <span class='ocrx_word' id='word_1_255' title='bbox 2201 2470 2368 2534; x_wconf 91' lang='lat' dir='ltr'>notis</span> <span class='ocrx_word' id='word_1_256' title='bbox 2402 2470 2569 2533; x_wconf 90' lang='lat' dir='ltr'>calli-</span> 
     </span>
     <span class='ocr_line' id='line_1_28' title="bbox 171 2555 2569 2641; baseline -0.002 -19"><span class='ocrx_word' id='word_1_257' title='bbox 171 2558 292 2623; x_wconf 93' lang='lat' dir='ltr'>bus</span> <span class='ocrx_word' id='word_1_258' title='bbox 339 2557 522 2641; x_wconf 90' lang='lat' dir='ltr'>petit,</span> <span class='ocrx_word' id='word_1_259' title='bbox 570 2558 635 2622; x_wconf 92' lang='lat' dir='ltr'>in</span> <span class='ocrx_word' id='word_1_260' title='bbox 683 2558 1020 2623; x_wconf 88' lang='lat' dir='ltr'>stationem</span> <span class='ocrx_word' id='word_1_261' title='bbox 1065 2557 1288 2621; x_wconf 93' lang='lat' dir='ltr'>incidit</span> <span class='ocrx_word' id='word_1_262' title='bbox 1317 2555 1737 2620; x_wconf 91' lang='lat' dir='ltr'>Macedonum</span> <span class='ocrx_word' id='word_1_263' title='bbox 1769 2555 2206 2637; x_wconf 90' lang='lat' dir='ltr'>deductusque</span> <span class='ocrx_word' id='word_1_264' title='bbox 2238 2556 2322 2620; x_wconf 88' lang='lat' dir='ltr'>ad</span> <span class='ocrx_word' id='word_1_265' title='bbox 2351 2575 2569 2639; x_wconf 88' lang='lat' dir='ltr'>regem</span> 
     </span>
     <span class='ocr_line' id='line_1_29' title="bbox 170 2641 2636 2724; baseline 0 -15"><span class='ocrx_word' id='word_1_266' title='bbox 170 2651 268 2709; x_wconf 94' lang='lat' dir='ltr'>est</span> <span class='ocrx_word' id='word_1_267' title='bbox 330 2643 615 2708; x_wconf 91' lang='lat' dir='ltr'>nondum</span> <span class='ocrx_word' id='word_1_268' title='bbox 681 2644 973 2708; x_wconf 88' lang='lat' dir='ltr'>convivio</span> <span class='ocrx_word' id='word_1_269' title='bbox 1036 2643 1314 2707; x_wconf 80' lang='lat' dir='ltr'>dimisso,</span> <span class='ocrx_word' id='word_1_270' title='bbox 1409 2641 1577 2724; x_wconf 89' lang='lat' dir='ltr'>quod</span> <span class='ocrx_word' id='word_1_271' title='bbox 1625 2641 1732 2706; x_wconf 90' lang='lat' dir='ltr'>ubi</span> <span class='ocrx_word' id='word_1_272' title='bbox 1796 2642 2154 2705; x_wconf 89' lang='lat' dir='ltr'>nuntiatum</span> <span class='ocrx_word' id='word_1_273' title='bbox 2215 2649 2330 2723; x_wconf 91' lang='lat' dir='ltr'>est,</span> <span class='ocrx_word' id='word_1_274' title='bbox 2393 2643 2636 2709; x_wconf 81' lang='lat' dir='ltr'>veluto</span> 
     </span>
     <span class='ocr_line' id='line_1_30' title="bbox 169 2728 2566 2814; baseline -0.001 -21"><span class='ocrx_word' id='word_1_275' title='bbox 169 2730 464 2814; x_wconf 92' lang='lat' dir='ltr'>hospitis,</span> <span class='ocrx_word' id='word_1_276' title='bbox 526 2750 653 2793; x_wconf 91' lang='lat' dir='ltr'>non</span> <span class='ocrx_word' id='word_1_277' title='bbox 715 2729 913 2795; x_wconf 91' lang='lat' dir='ltr'>hostis</span> <span class='ocrx_word' id='word_1_278' title='bbox 975 2729 1257 2794; x_wconf 89' lang='lat' dir='ltr'>adventu</span> <span class='ocrx_word' id='word_1_279' title='bbox 1317 2735 1526 2793; x_wconf 90' lang='lat' dir='ltr'>motus</span> <span class='ocrx_word' id='word_1_280' title='bbox 1587 2728 1921 2811; x_wconf 91' lang='lat' dir='ltr'>Philippus</span> <span class='ocrx_word' id='word_1_281' title='bbox 1980 2731 2357 2794; x_wconf 90' lang='lat' dir='ltr'>accumbere</span> <span class='ocrx_word' id='word_1_282' title='bbox 2422 2749 2566 2792; x_wconf 93' lang='lat' dir='ltr'>eum</span> 
     </span>
    </p>

    <p class='ocr_par' dir='ltr' id='par_1_9' title="bbox 71 2814 2634 3072">
     <span class='ocr_line' id='line_1_31' title="bbox 71 2814 2633 2901; baseline -0.001 -17"><span class='ocrx_word' id='word_1_283' title='bbox 71 2838 133 2884; x_wconf 91' lang='lat'>30</span> <span class='ocrx_word' id='word_1_284' title='bbox 170 2816 544 2901; x_wconf 90' lang='lat' dir='ltr'>epularique</span> <span class='ocrx_word' id='word_1_285' title='bbox 621 2816 829 2897; x_wconf 87' lang='lat' dir='ltr'>iussit,</span> <span class='ocrx_word' id='word_1_286' title='bbox 897 2823 1090 2898; x_wconf 92' lang='lat' dir='ltr'>atque</span> <span class='ocrx_word' id='word_1_287' title='bbox 1156 2815 1307 2880; x_wconf 91' lang='lat' dir='ltr'>inde</span> <span class='ocrx_word' id='word_1_288' title='bbox 1374 2814 1652 2879; x_wconf 91' lang='lat' dir='ltr'>dimissis</span> <span class='ocrx_word' id='word_1_289' title='bbox 1717 2815 1888 2895; x_wconf 91' lang='lat' dir='ltr'>aliis,</span> <span class='ocrx_word' id='word_1_290' title='bbox 1959 2816 2161 2880; x_wconf 93' lang='lat' dir='ltr'>solum</span> <span class='ocrx_word' id='word_1_291' title='bbox 2228 2822 2562 2895; x_wconf 89' lang='lat' dir='ltr'>retentum,</span> <span class='ocrx_word' id='word_1_292' title='bbox 2605 2835 2633 2882; x_wconf 83' lang='lat'><strong>7</strong></span> 
     </span>
     <span class='ocr_line' id='line_1_32' title="bbox 167 2901 2634 2986; baseline 0.001 -21"><span class='ocrx_word' id='word_1_293' title='bbox 167 2903 379 2986; x_wconf 91' lang='lat' dir='ltr'>ipsum</span> <span class='ocrx_word' id='word_1_294' title='bbox 430 2901 687 2983; x_wconf 89' lang='lat' dir='ltr'>quidem</span> <span class='ocrx_word' id='word_1_295' title='bbox 748 2902 829 2968; x_wconf 92' lang='lat' dir='ltr'>de</span> <span class='ocrx_word' id='word_1_296' title='bbox 875 2922 944 2966; x_wconf 92' lang='lat' dir='ltr'>se</span> <span class='ocrx_word' id='word_1_297' title='bbox 1003 2902 1226 2967; x_wconf 91' lang='lat' dir='ltr'>timere</span> <span class='ocrx_word' id='word_1_298' title='bbox 1274 2901 1613 2983; x_wconf 89' lang='lat' dir='ltr'>quicquam</span> <span class='ocrx_word' id='word_1_299' title='bbox 1658 2901 1879 2981; x_wconf 90' lang='lat' dir='ltr'>vetuit,</span> <span class='ocrx_word' id='word_1_300' title='bbox 1941 2902 2305 2966; x_wconf 90' lang='lat' dir='ltr'>Aetolorum</span> <span class='ocrx_word' id='word_1_301' title='bbox 2366 2922 2566 2985; x_wconf 89' lang='lat' dir='ltr'>prava</span> <span class='ocrx_word' id='word_1_302' title='bbox 2604 2921 2634 2968; x_wconf 83' lang='lat' dir='ltr'>s</span> 
     </span>
     <span class='ocr_line' id='line_1_33' title="bbox 168 2986 2567 3072; baseline -0.001 -20"><span class='ocrx_word' id='word_1_303' title='bbox 168 2988 440 3053; x_wconf 90' lang='lat' dir='ltr'>consilia</span> <span class='ocrx_word' id='word_1_304' title='bbox 483 2995 673 3070; x_wconf 90' lang='lat' dir='ltr'>atque</span> <span class='ocrx_word' id='word_1_305' title='bbox 719 2988 784 3052; x_wconf 90' lang='lat' dir='ltr'>in</span> <span class='ocrx_word' id='word_1_306' title='bbox 830 2989 1109 3072; x_wconf 89' lang='lat' dir='ltr'>ipsorum</span> <span class='ocrx_word' id='word_1_307' title='bbox 1155 2994 1345 3071; x_wconf 92' lang='lat' dir='ltr'>caput</span> <span class='ocrx_word' id='word_1_308' title='bbox 1391 3007 1642 3071; x_wconf 88' lang='lat' dir='ltr'>semper</span> <span class='ocrx_word' id='word_1_309' title='bbox 1687 2986 2037 3052; x_wconf 89' lang='lat' dir='ltr'>recidentia</span> <span class='ocrx_word' id='word_1_310' title='bbox 2066 2987 2410 3070; x_wconf 84' lang='lat' dir='ltr'>accusavit,</span> <span class='ocrx_word' id='word_1_311' title='bbox 2460 2988 2567 3068; x_wconf 90' lang='lat' dir='ltr'>qui</span> 
     </span>
    </p>
   </div>
   <div class='ocr_carea' id='block_1_5' title="bbox 164 3122 591 3137">
    <p class='ocr_par' dir='ltr' id='par_1_10' title="bbox 164 3122 591 3137">
     <span class='ocr_line' id='line_1_34' title="bbox 164 3122 591 3137; baseline 0 1141"><span class='ocrx_word' id='word_1_312' title='bbox 164 3122 591 3137; x_wconf 95' lang='lat' dir='ltr'> </span> 
     </span>
    </p>
   </div>
   <div class='ocr_carea' id='block_1_6' title="bbox 164 3167 2570 3763">
    <p class='ocr_par' dir='ltr' id='par_1_11' title="bbox 164 3167 2570 3763">
     <span class='ocr_line' id='line_1_35' title="bbox 382 3167 2570 3245; baseline -0.002 -13"><span class='ocrx_word' id='word_1_313' title='bbox 382 3181 431 3232; x_wconf 86' lang='lat'>3.</span> <span class='ocrx_word' id='word_1_314' title='bbox 469 3176 678 3232; x_wconf 91' lang='lat' dir='ltr'>iubebo</span> <span class='ocrx_word' id='word_1_315' title='bbox 714 3178 784 3245; x_wconf 85' lang='lat' dir='ltr'>B3</span> <span class='ocrx_word' id='word_1_316' title='bbox 821 3177 986 3231; x_wconf 91' lang='lat' dir='ltr'>iubeo</span> <span class='ocrx_word' id='word_1_317' title='bbox 1025 3180 1138 3233; x_wconf 80' lang='lat' dir='ltr'>cod.</span> <span class='ocrx_word' id='word_1_318' title='bbox 1175 3196 1276 3233; x_wconf 77' lang='lat' dir='ltr'>rec.</span> <span class='ocrx_word' id='word_1_319' title='bbox 1315 3184 1364 3231; x_wconf 85' lang='lat' dir='ltr'>et</span> <span class='ocrx_word' id='word_1_320' title='bbox 1399 3180 1480 3232; x_wconf 84' lang='lat' dir='ltr'>ed.</span> <span class='ocrx_word' id='word_1_321' title='bbox 1526 3185 1622 3232; x_wconf 83' lang='lat' dir='ltr'>vet.</span> <span class='ocrx_word' id='word_1_322' title='bbox 1665 3178 1672 3242; x_wconf 93' lang='grc' dir='ltr'>Ι</span> <span class='ocrx_word' id='word_1_323' title='bbox 1714 3176 1897 3230; x_wconf 87' lang='lat' dir='ltr'>afferri</span> <span class='ocrx_word' id='word_1_324' title='bbox 1944 3182 2169 3229; x_wconf 87' lang='lat' dir='ltr'>catenas</span> <span class='ocrx_word' id='word_1_325' title='bbox 2205 3176 2267 3228; x_wconf 95' lang='lat' dir='ltr'>B.</span> <span class='ocrx_word' id='word_1_326' title='bbox 2309 3177 2317 3240; x_wconf 90' lang='grc' dir='ltr'>Ι</span> <span class='ocrx_word' id='word_1_327' title='bbox 2358 3178 2407 3229; x_wconf 93' lang='lat'>4.</span> <span class='ocrx_word' id='word_1_328' title='bbox 2446 3167 2570 3228; x_wconf 84' lang='lat' dir='ltr'>cum</span> 
     </span>
     <span class='ocr_line' id='line_1_36' title="bbox 168 3262 2564 3332; baseline -0 -15"><span class='ocrx_word' id='word_1_329' title='bbox 168 3263 351 3318; x_wconf 87' lang='lat' dir='ltr'>fracta</span> <span class='ocrx_word' id='word_1_330' title='bbox 388 3264 452 3317; x_wconf 94' lang='lat' dir='ltr'>B.</span> <span class='ocrx_word' id='word_1_331' title='bbox 504 3267 510 3330; x_wconf 90' lang='grc' dir='ltr'>Ι</span> <span class='ocrx_word' id='word_1_332' title='bbox 562 3267 609 3319; x_wconf 92' lang='grc'>6.</span> <span class='ocrx_word' id='word_1_333' title='bbox 650 3265 698 3317; x_wconf 56' lang='grc' dir='ltr'>8η</span> <span class='ocrx_word' id='word_1_334' title='bbox 742 3265 836 3332; x_wconf 92' lang='lat' dir='ltr'>qui</span> <span class='ocrx_word' id='word_1_335' title='bbox 883 3264 1067 3317; x_wconf 84' lang='lat' dir='ltr'>adsint</span> <span class='ocrx_word' id='word_1_336' title='bbox 1112 3263 1417 3316; x_wconf 88' lang='lat' dir='ltr'>aetolorum</span> <span class='ocrx_word' id='word_1_337' title='bbox 1464 3263 1603 3316; x_wconf 90' lang='lat' dir='ltr'>scire</span> <span class='ocrx_word' id='word_1_338' title='bbox 1649 3262 1955 3317; x_wconf 86' lang='lat' dir='ltr'>aetolorum</span> <span class='ocrx_word' id='word_1_339' title='bbox 2001 3262 2256 3316; x_wconf 87' lang='lat' dir='ltr'>facienda</span> <span class='ocrx_word' id='word_1_340' title='bbox 2294 3277 2417 3316; x_wconf 89' lang='lat' dir='ltr'>esse</span> <span class='ocrx_word' id='word_1_341' title='bbox 2453 3262 2515 3316; x_wconf 92' lang='lat' dir='ltr'>B.</span> <span class='ocrx_word' id='word_1_342' title='bbox 2558 3263 2564 3332; x_wconf 90' lang='grc' dir='ltr'>Ι</span> 
     </span>
     <span class='ocr_line' id='line_1_37' title="bbox 164 3348 2565 3419; baseline 0 -17"><span class='ocrx_word' id='word_1_343' title='bbox 164 3350 572 3419; x_wconf 82' lang='lat' dir='ltr'>imperarentur</span> <span class='ocrx_word' id='word_1_344' title='bbox 607 3351 678 3404; x_wconf 88' lang='lat' dir='ltr'>M.</span> <span class='ocrx_word' id='word_1_345' title='bbox 729 3353 736 3417; x_wconf 94' lang='grc' dir='ltr'>Ι</span> <span class='ocrx_word' id='word_1_346' title='bbox 787 3354 833 3405; x_wconf 88' lang='lat'>7.</span> <span class='ocrx_word' id='word_1_347' title='bbox 871 3349 1102 3404; x_wconf 89' lang='lat' dir='ltr'>consilio</span> <span class='ocrx_word' id='word_1_348' title='bbox 1138 3350 1198 3402; x_wconf 93' lang='lat' dir='ltr'>B.</span> <span class='ocrx_word' id='word_1_349' title='bbox 1251 3353 1258 3416; x_wconf 93' lang='grc' dir='ltr'>Ι</span> <span class='ocrx_word' id='word_1_350' title='bbox 1309 3354 1357 3405; x_wconf 88' lang='grc'>8.</span> <span class='ocrx_word' id='word_1_351' title='bbox 1393 3348 1647 3403; x_wconf 85' lang='lat' dir='ltr'>inducias</span> <span class='ocrx_word' id='word_1_352' title='bbox 1684 3349 1746 3403; x_wconf 91' lang='lat' dir='ltr'>B.</span> <span class='ocrx_word' id='word_1_353' title='bbox 1788 3351 1795 3415; x_wconf 96' lang='grc' dir='ltr'>Ι</span> <span class='ocrx_word' id='word_1_354' title='bbox 1840 3353 1920 3404; x_wconf 88' lang='grc'>10.</span> <span class='ocrx_word' id='word_1_355' title='bbox 1957 3365 2068 3417; x_wconf 92' lang='lat' dir='ltr'>quo</span> <span class='ocrx_word' id='word_1_356' title='bbox 2105 3348 2418 3417; x_wconf 88' lang='lat' dir='ltr'>apoclestos</span> <span class='ocrx_word' id='word_1_357' title='bbox 2453 3348 2514 3402; x_wconf 95' lang='lat' dir='ltr'>B.</span> <span class='ocrx_word' id='word_1_358' title='bbox 2559 3348 2565 3417; x_wconf 88' lang='grc' dir='ltr'>Ι</span> 
     </span>
     <span class='ocr_line' id='line_1_38' title="bbox 170 3434 2570 3506; baseline -0.003 -14"><span class='ocrx_word' id='word_1_359' title='bbox 170 3441 252 3492; x_wconf 93' lang='grc'>11.</span> <span class='ocrx_word' id='word_1_360' title='bbox 290 3437 399 3506; x_wconf 88' lang='lat' dir='ltr'>ipsi</span> <span class='ocrx_word' id='word_1_361' title='bbox 436 3437 498 3490; x_wconf 93' lang='lat' dir='ltr'>B.</span> <span class='ocrx_word' id='word_1_362' title='bbox 533 3439 540 3503; x_wconf 92' lang='grc' dir='ltr'>Ι</span> <span class='ocrx_word' id='word_1_363' title='bbox 573 3436 969 3504; x_wconf 86' lang='lat' dir='ltr'>exposuissunt</span> <span class='ocrx_word' id='word_1_364' title='bbox 992 3436 1053 3491; x_wconf 94' lang='lat' dir='ltr'>B.</span> <span class='ocrx_word' id='word_1_365' title='bbox 1094 3439 1102 3503; x_wconf 91' lang='grc' dir='ltr'>Ι</span> <span class='ocrx_word' id='word_1_366' title='bbox 1147 3440 1225 3492; x_wconf 86' lang='grc'>12.</span> <span class='ocrx_word' id='word_1_367' title='bbox 1264 3434 1574 3489; x_wconf 90' lang='lat' dir='ltr'>condicioni</span> <span class='ocrx_word' id='word_1_368' title='bbox 1614 3436 1886 3502; x_wconf 73' lang='lat' dir='ltr'>Gelenius,</span> <span class='ocrx_word' id='word_1_369' title='bbox 1924 3437 2004 3489; x_wconf 83' lang='lat' dir='ltr'>ed.</span> <span class='ocrx_word' id='word_1_370' title='bbox 2039 3436 2217 3490; x_wconf 86' lang='lat' dir='ltr'>Basil.</span> <span class='ocrx_word' id='word_1_371' title='bbox 2246 3439 2384 3489; x_wconf 86' lang='lat'><strong><em>1535</em></strong></span> <span class='ocrx_word' id='word_1_372' title='bbox 2392 3456 2410 3502; x_wconf 91' lang='lat'><em>;</em></span> <span class='ocrx_word' id='word_1_373' title='bbox 2446 3450 2570 3488; x_wconf 91' lang='lat' dir='ltr'>con-</span> 
     </span>
     <span class='ocr_line' id='line_1_39' title="bbox 167 3520 2570 3593; baseline -0.001 -16"><span class='ocrx_word' id='word_1_374' title='bbox 167 3522 407 3577; x_wconf 86' lang='lat' dir='ltr'>dicionis</span> <span class='ocrx_word' id='word_1_375' title='bbox 442 3524 557 3579; x_wconf 80' lang='lat' dir='ltr'>cod.</span> <span class='ocrx_word' id='word_1_376' title='bbox 594 3522 680 3589; x_wconf 91' lang='lat' dir='ltr'>(B)</span> <span class='ocrx_word' id='word_1_377' title='bbox 716 3529 764 3577; x_wconf 86' lang='lat' dir='ltr'>et</span> <span class='ocrx_word' id='word_1_378' title='bbox 800 3523 880 3578; x_wconf 81' lang='lat' dir='ltr'>ed.</span> <span class='ocrx_word' id='word_1_379' title='bbox 907 3524 1192 3593; x_wconf 77' lang='lat' dir='ltr'>antiquiss.</span> <span class='ocrx_word' id='word_1_380' title='bbox 1227 3524 1235 3589; x_wconf 93' lang='grc' dir='ltr'>Ι</span> <span class='ocrx_word' id='word_1_381' title='bbox 1270 3524 1349 3576; x_wconf 87' lang='grc'>13.</span> <span class='ocrx_word' id='word_1_382' title='bbox 1389 3521 1745 3574; x_wconf 85' lang='lat' dir='ltr'>conuocando</span> <span class='ocrx_word' id='word_1_383' title='bbox 1782 3520 1844 3573; x_wconf 93' lang='lat' dir='ltr'>B.</span> <span class='ocrx_word' id='word_1_384' title='bbox 1878 3524 1885 3588; x_wconf 90' lang='grc' dir='ltr'>Ι</span> <span class='ocrx_word' id='word_1_385' title='bbox 1922 3524 2002 3576; x_wconf 90' lang='grc'>16.</span> <span class='ocrx_word' id='word_1_386' title='bbox 2039 3524 2119 3576; x_wconf 84' lang='lat' dir='ltr'>sic</span> <span class='ocrx_word' id='word_1_387' title='bbox 2154 3520 2199 3572; x_wconf 91' lang='lat' dir='ltr'>B</span> <span class='ocrx_word' id='word_1_388' title='bbox 2236 3528 2284 3576; x_wconf 81' lang='lat' dir='ltr'>et</span> <span class='ocrx_word' id='word_1_389' title='bbox 2321 3522 2399 3575; x_wconf 85' lang='lat' dir='ltr'>ed.</span> <span class='ocrx_word' id='word_1_390' title='bbox 2426 3523 2570 3575; x_wconf 72' lang='lat' dir='ltr'>anti-</span> 
     </span>
     <span class='ocr_line' id='line_1_40' title="bbox 168 3607 2569 3679; baseline -0.003 -13"><span class='ocrx_word' id='word_1_391' title='bbox 168 3613 370 3679; x_wconf 78' lang='lat' dir='ltr'>quiss.;</span> <span class='ocrx_word' id='word_1_392' title='bbox 417 3609 734 3677; x_wconf 83' lang='lat' dir='ltr'>exasperati</span> <span class='ocrx_word' id='word_1_393' title='bbox 770 3609 936 3663; x_wconf 86' lang='lat' dir='ltr'>animi</span> <span class='ocrx_word' id='word_1_394' title='bbox 972 3613 1104 3662; x_wconf 90' lang='lat' dir='ltr'>sunt</span> <span class='ocrx_word' id='word_1_395' title='bbox 1140 3610 1254 3664; x_wconf 82' lang='lat' dir='ltr'>cod.</span> <span class='ocrx_word' id='word_1_396' title='bbox 1280 3625 1381 3663; x_wconf 82' lang='lat' dir='ltr'>rec.</span> <span class='ocrx_word' id='word_1_397' title='bbox 1419 3613 1470 3662; x_wconf 80' lang='lat' dir='ltr'>et</span> <span class='ocrx_word' id='word_1_398' title='bbox 1505 3610 1584 3663; x_wconf 83' lang='lat' dir='ltr'>ed.</span> <span class='ocrx_word' id='word_1_399' title='bbox 1615 3614 1743 3676; x_wconf 72' lang='lat' dir='ltr'>post</span> <span class='ocrx_word' id='word_1_400' title='bbox 1779 3609 1960 3663; x_wconf 85' lang='lat' dir='ltr'>Basil.</span> <span class='ocrx_word' id='word_1_401' title='bbox 2012 3608 2020 3675; x_wconf 92' lang='grc' dir='ltr'>Ι</span> <span class='ocrx_word' id='word_1_402' title='bbox 2073 3610 2153 3661; x_wconf 91' lang='grc'>17.</span> <span class='ocrx_word' id='word_1_403' title='bbox 2191 3607 2402 3675; x_wconf 89' lang='lat' dir='ltr'>impetu</span> <span class='ocrx_word' id='word_1_404' title='bbox 2439 3620 2569 3659; x_wconf 87' lang='lat' dir='ltr'>uere</span> 
     </span>
     <span class='ocr_line' id='line_1_41' title="bbox 168 3693 2569 3763; baseline -0.002 -14"><span class='ocrx_word' id='word_1_405' title='bbox 168 3695 239 3750; x_wconf 96' lang='lat' dir='ltr'>M.</span> <span class='ocrx_word' id='word_1_406' title='bbox 274 3701 284 3763; x_wconf 86' lang='grc' dir='ltr'>Ι</span> <span class='ocrx_word' id='word_1_407' title='bbox 320 3700 405 3753; x_wconf 90' lang='grc'>19.</span> <span class='ocrx_word' id='word_1_408' title='bbox 441 3703 580 3752; x_wconf 81' lang='lat' dir='ltr'>recte</span> <span class='ocrx_word' id='word_1_409' title='bbox 616 3698 873 3752; x_wconf 77' lang='lat' dir='ltr'>distinxit</span> <span class='ocrx_word' id='word_1_410' title='bbox 907 3698 1021 3751; x_wconf 84' lang='lat' dir='ltr'>Iac.</span> <span class='ocrx_word' id='word_1_411' title='bbox 1047 3697 1384 3750; x_wconf 72' lang='lat' dir='ltr'>Perizonius.</span> <span class='ocrx_word' id='word_1_412' title='bbox 1418 3696 1425 3760; x_wconf 95' lang='grc' dir='ltr'>Ι</span> <span class='ocrx_word' id='word_1_413' title='bbox 1458 3696 1542 3749; x_wconf 84' lang='grc'>20.</span> <span class='ocrx_word' id='word_1_414' title='bbox 1580 3693 1876 3748; x_wconf 87' lang='lat' dir='ltr'>nicandere</span> <span class='ocrx_word' id='word_1_415' title='bbox 1912 3694 2031 3761; x_wconf 90' lang='lat' dir='ltr'>ipso</span> <span class='ocrx_word' id='word_1_416' title='bbox 2056 3694 2118 3747; x_wconf 94' lang='lat' dir='ltr'>B.</span> <span class='ocrx_word' id='word_1_417' title='bbox 2152 3695 2160 3759; x_wconf 90' lang='grc' dir='ltr'>Ι</span> <span class='ocrx_word' id='word_1_418' title='bbox 2191 3696 2277 3749; x_wconf 85' lang='grc'>21.</span> <span class='ocrx_word' id='word_1_419' title='bbox 2317 3697 2569 3760; x_wconf 81' lang='lat' dir='ltr'>expecta-</span> 
     </span>
    </p>
   </div>
   <div class='ocr_carea' id='block_1_7' title="bbox 170 3780 2257 3916">
    <p class='ocr_par' dir='ltr' id='par_1_12' title="bbox 170 3780 2257 3916">
     <span class='ocr_line' id='line_1_42' title="bbox 170 3780 2095 3850; baseline -0.002 -15"><span class='ocrx_word' id='word_1_420' title='bbox 170 3781 325 3837; x_wconf 87' lang='lat' dir='ltr'>tione</span> <span class='ocrx_word' id='word_1_421' title='bbox 364 3798 476 3836; x_wconf 89' lang='lat' dir='ltr'>uua</span> <span class='ocrx_word' id='word_1_422' title='bbox 511 3782 573 3836; x_wconf 91' lang='lat' dir='ltr'>B.</span> <span class='ocrx_word' id='word_1_423' title='bbox 607 3786 615 3850; x_wconf 90' lang='grc' dir='ltr'>Ι</span> <span class='ocrx_word' id='word_1_424' title='bbox 648 3784 733 3838; x_wconf 85' lang='grc'>26.</span> <span class='ocrx_word' id='word_1_425' title='bbox 771 3795 1227 3849; x_wconf 86' lang='lat' dir='ltr'>romanorumque</span> <span class='ocrx_word' id='word_1_426' title='bbox 1264 3781 1335 3834; x_wconf 92' lang='lat' dir='ltr'>M.</span> <span class='ocrx_word' id='word_1_427' title='bbox 1369 3783 1378 3847; x_wconf 88' lang='grc' dir='ltr'>Ι</span> <span class='ocrx_word' id='word_1_428' title='bbox 1408 3783 1493 3836; x_wconf 87' lang='grc'>30.</span> <span class='ocrx_word' id='word_1_429' title='bbox 1529 3780 1740 3834; x_wconf 90' lang='lat' dir='ltr'>iussum</span> <span class='ocrx_word' id='word_1_430' title='bbox 1776 3784 1944 3849; x_wconf 85' lang='lat' dir='ltr'>atque</span> <span class='ocrx_word' id='word_1_431' title='bbox 1982 3780 2052 3832; x_wconf 91' lang='lat' dir='ltr'><strong>M.</strong></span> <span class='ocrx_word' id='word_1_432' title='bbox 2087 3783 2095 3845; x_wconf 85' lang='grc' dir='ltr'>Ι</span> 
     </span>
     <span class='ocr_line' id='line_1_43' title="bbox 276 3867 2257 3916; baseline -0.004 -7"><span class='ocrx_word' id='word_1_433' title='bbox 276 3870 327 3912; x_wconf 87' lang='grc' dir='ltr'>Τ.</span> <span class='ocrx_word' id='word_1_434' title='bbox 348 3869 443 3910; x_wconf 85' lang='lat' dir='ltr'><strong>Liv.</strong></span> <span class='ocrx_word' id='word_1_435' title='bbox 473 3868 544 3909; x_wconf 86' lang='lat' dir='ltr'>VI.</span> <span class='ocrx_word' id='word_1_436' title='bbox 600 3868 744 3909; x_wconf 83' lang='lat' dir='ltr'>Editio</span> <span class='ocrx_word' id='word_1_437' title='bbox 771 3867 916 3908; x_wconf 79' lang='lat' dir='ltr'>maior.</span> <span class='ocrx_word' id='word_1_438' title='bbox 2225 3869 2257 3916; x_wconf 85' lang='lat'><strong>3</strong></span> 
     </span>
    </p>
   </div>
  </div>
 </body>
</html>
