<?xml version="1.0" encoding="UTF-8"?>
<!DOCTYPE html PUBLIC "-//W3C//DTD XHTML 1.0 Transitional//EN"
    "http://www.w3.org/TR/xhtml1/DTD/xhtml1-transitional.dtd">
<html xmlns="http://www.w3.org/1999/xhtml" xml:lang="en" lang="en">
 <head>
  <title>
</title>
<meta http-equiv="Content-Type" content="text/html;charset=utf-8" />
  <meta name='ocr-system' content='tesseract 3.04.00' />
  <meta name='ocr-capabilities' content='ocr_page ocr_carea ocr_par ocr_line ocrx_word'/>
</head>
<body>
  <div class='ocr_page' id='page_1' title='image "./tliviaburbecond00zinggoog_0127.png"; bbox 0 0 2925 4278; ppageno 0'>
   <div class='ocr_carea' id='block_1_1' title="bbox 316 87 2229 176">
    <p class='ocr_par' dir='ltr' id='par_1_1' title="bbox 316 87 2229 176">
     <span class='ocr_line' id='line_1_1' title="bbox 316 87 2229 176; baseline 0.006 -25"><span class='ocrx_word' id='word_1_1' title='bbox 316 87 438 151; x_wconf 81' lang='grc'>118</span> <span class='ocrx_word' id='word_1_2' title='bbox 790 103 1015 157; x_wconf 86' lang='lat' dir='ltr'>LIBER</span> <span class='ocrx_word' id='word_1_3' title='bbox 1052 104 1356 159; x_wconf 90' lang='lat' dir='ltr'>XXXVII.</span> <span class='ocrx_word' id='word_1_4' title='bbox 1396 104 1564 158; x_wconf 87' lang='lat' dir='ltr'><strong>CAP.</strong></span> <span class='ocrx_word' id='word_1_5' title='bbox 1591 108 1672 161; x_wconf 85' lang='lat'>59.</span> <span class='ocrx_word' id='word_1_6' title='bbox 1701 109 1782 162; x_wconf 89' lang='grc'>60.</span> <span class='ocrx_word' id='word_1_7' title='bbox 1823 107 1893 175; x_wconf 89' lang='lat' dir='ltr'>[a.</span> <span class='ocrx_word' id='word_1_8' title='bbox 1922 106 1988 160; x_wconf 94' lang='lat' dir='ltr'>U.</span> <span class='ocrx_word' id='word_1_9' title='bbox 2015 122 2061 162; x_wconf 89' lang='lat' dir='ltr'>c.</span> <span class='ocrx_word' id='word_1_10' title='bbox 2089 107 2229 176; x_wconf 86' lang='lat'>564].</span> 
     </span>
    </p>
   </div>
   <div class='ocr_carea' id='block_1_2' title="bbox 244 277 2713 623">
    <p class='ocr_par' dir='ltr' id='par_1_2' title="bbox 244 277 2713 623">
     <span class='ocr_line' id='line_1_2' title="bbox 309 277 2708 364; baseline 0.001 -23"><span class='ocrx_word' id='word_1_11' title='bbox 309 278 637 362; x_wconf 88' lang='lat' dir='ltr'>ingentem</span> <span class='ocrx_word' id='word_1_12' title='bbox 681 277 1010 342; x_wconf 87' lang='lat' dir='ltr'>victoriam</span> <span class='ocrx_word' id='word_1_13' title='bbox 1055 278 1308 343; x_wconf 78' lang='lat' dir='ltr'><strong>facilem</strong></span> <span class='ocrx_word' id='word_1_14' title='bbox 1355 280 1548 344; x_wconf 89' lang='lat' dir='ltr'>etiam</span> <span class='ocrx_word' id='word_1_15' title='bbox 1591 278 1914 362; x_wconf 79' lang='lat' dir='ltr'>fecissent,</span> <span class='ocrx_word' id='word_1_16' title='bbox 1963 291 2020 344; x_wconf 84' lang='lat' dir='ltr'>et</span> <span class='ocrx_word' id='word_1_17' title='bbox 2064 279 2426 364; x_wconf 87' lang='lat' dir='ltr'>imperatori</span> <span class='ocrx_word' id='word_1_18' title='bbox 2492 280 2708 345; x_wconf 86' lang='lat' dir='ltr'>trium-</span> 
     </span>
     <span class='ocr_line' id='line_1_3' title="bbox 244 364 2706 450; baseline 0.002 -25"><span class='ocrx_word' id='word_1_19' title='bbox 244 380 273 425; x_wconf 75' lang='lat'>2</span> <span class='ocrx_word' id='word_1_20' title='bbox 310 364 475 448; x_wconf 88' lang='lat' dir='ltr'>phus</span> <span class='ocrx_word' id='word_1_21' title='bbox 536 371 631 429; x_wconf 91' lang='lat' dir='ltr'>est</span> <span class='ocrx_word' id='word_1_22' title='bbox 690 364 1001 430; x_wconf 88' lang='lat' dir='ltr'>decretus.</span> <span class='ocrx_word' id='word_1_23' title='bbox 1093 365 1508 449; x_wconf 89' lang='lat' dir='ltr'>triumphavit</span> <span class='ocrx_word' id='word_1_24' title='bbox 1567 386 1786 431; x_wconf 89' lang='lat' dir='ltr'>mense</span> <span class='ocrx_word' id='word_1_25' title='bbox 1845 367 2246 432; x_wconf 88' lang='lat' dir='ltr'>intercalario</span> <span class='ocrx_word' id='word_1_26' title='bbox 2305 366 2512 450; x_wconf 83' lang='lat' dir='ltr'>pridie</span> <span class='ocrx_word' id='word_1_27' title='bbox 2556 367 2706 431; x_wconf 84' lang='lat' dir='ltr'>Kal.</span> 
     </span>
     <span class='ocr_line' id='line_1_4' title="bbox 310 451 2710 536; baseline 0.001 -21"><span class='ocrx_word' id='word_1_28' title='bbox 310 451 587 515; x_wconf 80' lang='lat' dir='ltr'>Martias,</span> <span class='ocrx_word' id='word_1_29' title='bbox 680 453 789 532; x_wconf 89' lang='lat' dir='ltr'>qui</span> <span class='ocrx_word' id='word_1_30' title='bbox 833 451 1187 535; x_wconf 89' lang='lat' dir='ltr'>triumphus</span> <span class='ocrx_word' id='word_1_31' title='bbox 1233 453 1594 535; x_wconf 88' lang='lat' dir='ltr'>spectaculo</span> <span class='ocrx_word' id='word_1_32' title='bbox 1655 453 1975 518; x_wconf 88' lang='lat' dir='ltr'>oculorum</span> <span class='ocrx_word' id='word_1_33' title='bbox 2033 454 2231 518; x_wconf 93' lang='lat' dir='ltr'>maior</span> <span class='ocrx_word' id='word_1_34' title='bbox 2291 473 2482 536; x_wconf 90' lang='lat' dir='ltr'>quam</span> <span class='ocrx_word' id='word_1_35' title='bbox 2543 452 2710 517; x_wconf 87' lang='lat' dir='ltr'>Afri-</span> 
     </span>
     <span class='ocr_line' id='line_1_5' title="bbox 313 537 2713 623; baseline 0 -21"><span class='ocrx_word' id='word_1_36' title='bbox 313 538 455 602; x_wconf 91' lang='lat' dir='ltr'>cani</span> <span class='ocrx_word' id='word_1_37' title='bbox 501 537 713 602; x_wconf 84' lang='lat' dir='ltr'>fratris</span> <span class='ocrx_word' id='word_1_38' title='bbox 760 538 895 602; x_wconf 88' lang='lat' dir='ltr'>eius</span> <span class='ocrx_word' id='word_1_39' title='bbox 940 538 1077 618; x_wconf 84' lang='lat' dir='ltr'>fuit,</span> <span class='ocrx_word' id='word_1_40' title='bbox 1125 538 1560 604; x_wconf 81' lang='lat' dir='ltr'>recordatione</span> <span class='ocrx_word' id='word_1_41' title='bbox 1603 560 1815 604; x_wconf 91' lang='lat' dir='ltr'>rerum</span> <span class='ocrx_word' id='word_1_42' title='bbox 1861 547 1924 604; x_wconf 88' lang='lat' dir='ltr'>et</span> <span class='ocrx_word' id='word_1_43' title='bbox 1968 541 2410 605; x_wconf 84' lang='lat' dir='ltr'>aestimatione</span> <span class='ocrx_word' id='word_1_44' title='bbox 2439 539 2713 623; x_wconf 87' lang='lat' dir='ltr'>periculi</span> 
     </span>
    </p>
   </div>
   <div class='ocr_carea' id='block_1_3' title="bbox 312 624 2885 710">
    <p class='ocr_par' dir='ltr' id='par_1_3' title="bbox 312 624 2885 710">
     <span class='ocr_line' id='line_1_6' title="bbox 312 624 2885 710; baseline 0.002 -22"><span class='ocrx_word' id='word_1_45' title='bbox 312 624 799 706; x_wconf 80' lang='lat' dir='ltr'>certaminisque</span> <span class='ocrx_word' id='word_1_46' title='bbox 861 645 989 689; x_wconf 90' lang='lat' dir='ltr'>non</span> <span class='ocrx_word' id='word_1_47' title='bbox 1050 625 1254 708; x_wconf 87' lang='lat' dir='ltr'>magis</span> <span class='ocrx_word' id='word_1_48' title='bbox 1324 626 1807 709; x_wconf 89' lang='lat' dir='ltr'>comparandus,</span> <span class='ocrx_word' id='word_1_49' title='bbox 1877 647 2067 708; x_wconf 90' lang='lat' dir='ltr'>quam</span> <span class='ocrx_word' id='word_1_50' title='bbox 2135 627 2189 691; x_wconf 88' lang='lat' dir='ltr'>si</span> <span class='ocrx_word' id='word_1_51' title='bbox 2255 626 2709 710; x_wconf 87' lang='lat' dir='ltr'>imperatorem</span> <span class='ocrx_word' id='word_1_52' title='bbox 2779 648 2806 694; x_wconf 82' lang='lat'>5</span> <span class='ocrx_word' id='word_1_53' title='bbox 2884 662 2885 669; x_wconf 48' lang='lat'>.</span> 
     </span>
    </p>
   </div>
   <div class='ocr_carea' id='block_1_4' title="bbox 241 710 2713 1056">
    <p class='ocr_par' dir='ltr' id='par_1_4' title="bbox 242 710 2711 966">
     <span class='ocr_line' id='line_1_7' title="bbox 242 710 2711 795; baseline 0.002 -22"><span class='ocrx_word' id='word_1_54' title='bbox 242 725 273 771; x_wconf 88' lang='grc'>3</span> <span class='ocrx_word' id='word_1_55' title='bbox 310 711 673 795; x_wconf 89' lang='lat' dir='ltr'>imperatori</span> <span class='ocrx_word' id='word_1_56' title='bbox 717 717 827 775; x_wconf 91' lang='lat' dir='ltr'>aut</span> <span class='ocrx_word' id='word_1_57' title='bbox 870 710 1254 776; x_wconf 90' lang='lat' dir='ltr'>Antiochum</span> <span class='ocrx_word' id='word_1_58' title='bbox 1316 711 1543 776; x_wconf 92' lang='lat' dir='ltr'>ducem</span> <span class='ocrx_word' id='word_1_59' title='bbox 1599 713 1948 778; x_wconf 88' lang='lat' dir='ltr'>Hannibali</span> <span class='ocrx_word' id='word_1_60' title='bbox 2008 713 2343 778; x_wconf 84' lang='lat' dir='ltr'>conferres.</span> <span class='ocrx_word' id='word_1_61' title='bbox 2435 713 2584 776; x_wconf 89' lang='lat' dir='ltr'>tulit</span> <span class='ocrx_word' id='word_1_62' title='bbox 2644 714 2711 777; x_wconf 91' lang='lat' dir='ltr'>in</span> 
     </span>
     <span class='ocr_line' id='line_1_8' title="bbox 311 797 2711 883; baseline 0.001 -21"><span class='ocrx_word' id='word_1_63' title='bbox 311 797 630 881; x_wconf 87' lang='lat' dir='ltr'>triumpho</span> <span class='ocrx_word' id='word_1_64' title='bbox 676 798 861 880; x_wconf 89' lang='lat' dir='ltr'>signa</span> <span class='ocrx_word' id='word_1_65' title='bbox 906 797 1201 861; x_wconf 88' lang='lat' dir='ltr'>militaria</span> <span class='ocrx_word' id='word_1_66' title='bbox 1246 798 1525 863; x_wconf 88' lang='lat' dir='ltr'>ducenta</span> <span class='ocrx_word' id='word_1_67' title='bbox 1570 799 1797 882; x_wconf 87' lang='lat' dir='ltr'>viginti</span> <span class='ocrx_word' id='word_1_68' title='bbox 1844 805 2159 881; x_wconf 89' lang='lat' dir='ltr'>quattuor,</span> <span class='ocrx_word' id='word_1_69' title='bbox 2207 798 2587 883; x_wconf 88' lang='lat' dir='ltr'>oppidorum</span> <span class='ocrx_word' id='word_1_70' title='bbox 2633 799 2711 864; x_wconf 87' lang='lat' dir='ltr'>si-</span> 
     </span>
     <span class='ocr_line' id='line_1_9' title="bbox 311 884 2711 966; baseline 0.001 -18"><span class='ocrx_word' id='word_1_71' title='bbox 311 885 593 948; x_wconf 88' lang='lat' dir='ltr'>mulacra</span> <span class='ocrx_word' id='word_1_72' title='bbox 639 890 894 948; x_wconf 86' lang='lat' dir='ltr'>centum</span> <span class='ocrx_word' id='word_1_73' title='bbox 939 884 1200 966; x_wconf 90' lang='lat' dir='ltr'>triginta</span> <span class='ocrx_word' id='word_1_74' title='bbox 1245 891 1558 966; x_wconf 89' lang='lat' dir='ltr'>quattuor,</span> <span class='ocrx_word' id='word_1_75' title='bbox 1593 886 1906 950; x_wconf 90' lang='lat' dir='ltr'>eburneos</span> <span class='ocrx_word' id='word_1_76' title='bbox 1935 885 2162 950; x_wconf 89' lang='lat' dir='ltr'>dentes</span> <span class='ocrx_word' id='word_1_77' title='bbox 2193 887 2365 951; x_wconf 93' lang='lat' dir='ltr'>mille</span> <span class='ocrx_word' id='word_1_78' title='bbox 2394 885 2711 950; x_wconf 89' lang='lat' dir='ltr'>ducentos</span> 
     </span>
    </p>

    <p class='ocr_par' dir='ltr' id='par_1_5' title="bbox 241 970 2713 1056">
     <span class='ocr_line' id='line_1_10' title="bbox 241 970 2713 1056; baseline 0.002 -25"><span class='ocrx_word' id='word_1_79' title='bbox 241 986 274 1031; x_wconf 84' lang='lat'>4</span> <span class='ocrx_word' id='word_1_80' title='bbox 313 971 575 1054; x_wconf 88' lang='lat' dir='ltr'>triginta</span> <span class='ocrx_word' id='word_1_81' title='bbox 617 991 834 1050; x_wconf 89' lang='lat' dir='ltr'>unum,</span> <span class='ocrx_word' id='word_1_82' title='bbox 881 991 1108 1036; x_wconf 89' lang='lat' dir='ltr'>aureas</span> <span class='ocrx_word' id='word_1_83' title='bbox 1155 991 1418 1036; x_wconf 86' lang='lat' dir='ltr'>coronas</span> <span class='ocrx_word' id='word_1_84' title='bbox 1466 970 1774 1036; x_wconf 90' lang='lat' dir='ltr'>ducentas</span> <span class='ocrx_word' id='word_1_85' title='bbox 1804 973 2065 1056; x_wconf 88' lang='lat' dir='ltr'>triginta</span> <span class='ocrx_word' id='word_1_86' title='bbox 2097 979 2408 1054; x_wconf 90' lang='lat' dir='ltr'>quattuor,</span> <span class='ocrx_word' id='word_1_87' title='bbox 2452 973 2713 1054; x_wconf 47' lang='lat' dir='ltr'>argenti*</span> 
     </span>
    </p>
   </div>
   <div class='ocr_carea' id='block_1_5' title="bbox 311 1018 2885 1142">
    <p class='ocr_par' dir='ltr' id='par_1_6' title="bbox 311 1018 2885 1142">
     <span class='ocr_line' id='line_1_11' title="bbox 311 1018 2885 1142; baseline 0.002 -21"><span class='ocrx_word' id='word_1_88' title='bbox 311 1056 525 1142; x_wconf 90' lang='lat' dir='ltr'>pondo</span> <span class='ocrx_word' id='word_1_89' title='bbox 572 1065 827 1121; x_wconf 88' lang='lat' dir='ltr'>centum</span> <span class='ocrx_word' id='word_1_90' title='bbox 872 1057 1134 1140; x_wconf 89' lang='lat' dir='ltr'>triginta</span> <span class='ocrx_word' id='word_1_91' title='bbox 1179 1064 1421 1141; x_wconf 83' lang='lat' dir='ltr'>septem</span> <span class='ocrx_word' id='word_1_92' title='bbox 1453 1058 1628 1122; x_wconf 90' lang='lat' dir='ltr'>milia</span> <span class='ocrx_word' id='word_1_93' title='bbox 1659 1058 2126 1142; x_wconf 86' lang='lat' dir='ltr'>quadringenta</span> <span class='ocrx_word' id='word_1_94' title='bbox 2155 1058 2404 1142; x_wconf 83' lang='lat' dir='ltr'>viginti,</span> <span class='ocrx_word' id='word_1_95' title='bbox 2439 1057 2710 1123; x_wconf 88' lang='lat' dir='ltr'>tetrach-</span> <span class='ocrx_word' id='word_1_96' title='bbox 2749 1079 2806 1125; x_wconf 90' lang='lat'>10</span> <span class='ocrx_word' id='word_1_97' title='bbox 2884 1018 2885 1075; x_wconf 86' lang='lat'><em>]</em></span> 
     </span>
    </p>
   </div>
   <div class='ocr_carea' id='block_1_6' title="bbox 242 1143 2714 1503">
    <p class='ocr_par' dir='ltr' id='par_1_7' title="bbox 242 1143 2714 1488">
     <span class='ocr_line' id='line_1_12' title="bbox 311 1143 2712 1228; baseline 0 -20"><span class='ocrx_word' id='word_1_98' title='bbox 311 1165 484 1208; x_wconf 90' lang='lat' dir='ltr'>mum</span> <span class='ocrx_word' id='word_1_99' title='bbox 530 1144 882 1208; x_wconf 91' lang='lat' dir='ltr'>Atticorum</span> <span class='ocrx_word' id='word_1_100' title='bbox 926 1143 1201 1208; x_wconf 89' lang='lat' dir='ltr'>ducenta</span> <span class='ocrx_word' id='word_1_101' title='bbox 1231 1143 1460 1228; x_wconf 86' lang='lat' dir='ltr'>viginti</span> <span class='ocrx_word' id='word_1_102' title='bbox 1490 1151 1787 1225; x_wconf 92' lang='lat' dir='ltr'>quattuor</span> <span class='ocrx_word' id='word_1_103' title='bbox 1816 1145 2008 1226; x_wconf 91' lang='lat' dir='ltr'>milia,</span> <span class='ocrx_word' id='word_1_104' title='bbox 2043 1144 2382 1228; x_wconf 88' lang='lat' dir='ltr'>cistophori</span> <span class='ocrx_word' id='word_1_105' title='bbox 2421 1151 2712 1209; x_wconf 87' lang='lat' dir='ltr'>trecenta</span> 
     </span>
     <span class='ocr_line' id='line_1_13' title="bbox 312 1229 2711 1315; baseline 0 -21"><span class='ocrx_word' id='word_1_106' title='bbox 312 1231 540 1315; x_wconf 88' lang='lat' dir='ltr'>viginti</span> <span class='ocrx_word' id='word_1_107' title='bbox 585 1251 781 1295; x_wconf 90' lang='lat' dir='ltr'>unum</span> <span class='ocrx_word' id='word_1_108' title='bbox 826 1229 1001 1293; x_wconf 90' lang='lat' dir='ltr'>milia</span> <span class='ocrx_word' id='word_1_109' title='bbox 1046 1231 1471 1314; x_wconf 83' lang='lat' dir='ltr'>septuaginta,</span> <span class='ocrx_word' id='word_1_110' title='bbox 1517 1251 1811 1296; x_wconf 88' lang='lat' dir='ltr'>nummos</span> <span class='ocrx_word' id='word_1_111' title='bbox 1873 1252 2100 1298; x_wconf 89' lang='lat' dir='ltr'>aureos</span> <span class='ocrx_word' id='word_1_112' title='bbox 2145 1231 2514 1315; x_wconf 88' lang='lat' dir='ltr'>Philippeos</span> <span class='ocrx_word' id='word_1_113' title='bbox 2570 1252 2711 1296; x_wconf 91' lang='lat' dir='ltr'>cen-</span> 
     </span>
     <span class='ocr_line' id='line_1_14' title="bbox 242 1316 2714 1401; baseline 0.002 -23"><span class='ocrx_word' id='word_1_114' title='bbox 242 1333 273 1378; x_wconf 84' lang='lat'>5</span> <span class='ocrx_word' id='word_1_115' title='bbox 312 1325 444 1382; x_wconf 92' lang='lat' dir='ltr'>tum</span> <span class='ocrx_word' id='word_1_116' title='bbox 493 1317 916 1399; x_wconf 90' lang='lat' dir='ltr'>quadraginta</span> <span class='ocrx_word' id='word_1_117' title='bbox 961 1316 1153 1398; x_wconf 90' lang='lat' dir='ltr'>milia,</span> <span class='ocrx_word' id='word_1_118' title='bbox 1201 1337 1498 1382; x_wconf 87' lang='lat' dir='ltr'>vasorum</span> <span class='ocrx_word' id='word_1_119' title='bbox 1551 1324 1994 1401; x_wconf 84' lang='lat' dir='ltr'>argenteorum</span> <span class='ocrx_word' id='word_1_120' title='bbox 2055 1356 2142 1364; x_wconf 93' lang='lat'><strong>—</strong></span> <span class='ocrx_word' id='word_1_121' title='bbox 2187 1319 2402 1383; x_wconf 89' lang='lat' dir='ltr'>omnia</span> <span class='ocrx_word' id='word_1_122' title='bbox 2464 1317 2714 1382; x_wconf 86' lang='lat' dir='ltr'>caelata</span> 
     </span>
     <span class='ocr_line' id='line_1_15' title="bbox 313 1402 2712 1503; baseline -0.001 -33"><span class='ocrx_word' id='word_1_123' title='bbox 313 1410 495 1470; x_wconf 88' lang='lat' dir='ltr'>erant</span> <span class='ocrx_word' id='word_1_124' title='bbox 539 1441 624 1450; x_wconf 96' lang='lat'>—</span> <span class='ocrx_word' id='word_1_125' title='bbox 668 1403 839 1468; x_wconf 91' lang='lat' dir='ltr'>mille</span> <span class='ocrx_word' id='word_1_126' title='bbox 886 1402 1098 1503; x_wconf 87' lang='lat' dir='ltr'>pondo</span> <span class='ocrx_word' id='word_1_127' title='bbox 1145 1410 1209 1467; x_wconf 91' lang='lat' dir='ltr'>et</span> <span class='ocrx_word' id='word_1_128' title='bbox 1255 1403 1724 1487; x_wconf 87' lang='lat' dir='ltr'>quadringenta</span> <span class='ocrx_word' id='word_1_129' title='bbox 1766 1404 1995 1488; x_wconf 86' lang='lat' dir='ltr'>viginti</span> <span class='ocrx_word' id='word_1_130' title='bbox 2027 1410 2342 1485; x_wconf 89' lang='lat' dir='ltr'>quattuor,</span> <span class='ocrx_word' id='word_1_131' title='bbox 2374 1423 2712 1469; x_wconf 86' lang='lat' dir='ltr'>aureorum</span> 
     </span>
    </p>
   </div>
   <div class='ocr_carea' id='block_1_7' title="bbox 312 1482 2885 1591">
    <p class='ocr_par' dir='ltr' id='par_1_8' title="bbox 312 1482 2885 1591">
     <span class='ocr_line' id='line_1_16' title="bbox 312 1482 2885 1591; baseline 0.001 -37"><span class='ocrx_word' id='word_1_132' title='bbox 312 1491 484 1555; x_wconf 88' lang='lat' dir='ltr'>mille</span> <span class='ocrx_word' id='word_1_133' title='bbox 530 1490 739 1589; x_wconf 85' lang='lat' dir='ltr'>pondo</span> <span class='ocrx_word' id='word_1_134' title='bbox 784 1489 1012 1573; x_wconf 87' lang='lat' dir='ltr'>viginti</span> <span class='ocrx_word' id='word_1_135' title='bbox 1059 1490 1197 1554; x_wconf 88' lang='lat' dir='ltr'>tria.</span> <span class='ocrx_word' id='word_1_136' title='bbox 1290 1498 1353 1554; x_wconf 91' lang='lat' dir='ltr'>et</span> <span class='ocrx_word' id='word_1_137' title='bbox 1398 1490 1594 1555; x_wconf 90' lang='lat' dir='ltr'>duces</span> <span class='ocrx_word' id='word_1_138' title='bbox 1639 1490 1818 1573; x_wconf 89' lang='lat' dir='ltr'>regii,</span> <span class='ocrx_word' id='word_1_139' title='bbox 1865 1490 2191 1575; x_wconf 86' lang='lat' dir='ltr'>praefecti,</span> <span class='ocrx_word' id='word_1_140' title='bbox 2223 1491 2555 1591; x_wconf 84' lang='lat' dir='ltr'>purpurati</span> <span class='ocrx_word' id='word_1_141' title='bbox 2585 1490 2712 1555; x_wconf 91' lang='lat' dir='ltr'>duo</span> <span class='ocrx_word' id='word_1_142' title='bbox 2749 1510 2804 1557; x_wconf 84' lang='lat'>15</span> <span class='ocrx_word' id='word_1_143' title='bbox 2884 1482 2885 1533; x_wconf 71' lang='lat'><em>3</em></span> 
     </span>
    </p>
   </div>
   <div class='ocr_carea' id='block_1_8' title="bbox 239 1575 2801 2784">
    <p class='ocr_par' dir='ltr' id='par_1_9' title="bbox 244 1575 2801 1990">
     <span class='ocr_line' id='line_1_17' title="bbox 244 1575 2715 1660; baseline 0 -20"><span class='ocrx_word' id='word_1_144' title='bbox 244 1595 274 1640; x_wconf 86' lang='lat'>6</span> <span class='ocrx_word' id='word_1_145' title='bbox 315 1584 378 1641; x_wconf 94' lang='lat' dir='ltr'>et</span> <span class='ocrx_word' id='word_1_146' title='bbox 445 1577 705 1660; x_wconf 88' lang='lat' dir='ltr'>triginta</span> <span class='ocrx_word' id='word_1_147' title='bbox 764 1583 914 1640; x_wconf 91' lang='lat' dir='ltr'>ante</span> <span class='ocrx_word' id='word_1_148' title='bbox 983 1596 1233 1640; x_wconf 90' lang='lat' dir='ltr'>currum</span> <span class='ocrx_word' id='word_1_149' title='bbox 1294 1575 1486 1640; x_wconf 88' lang='lat' dir='ltr'>ducti.</span> <span class='ocrx_word' id='word_1_150' title='bbox 1578 1577 1882 1641; x_wconf 90' lang='lat' dir='ltr'>militibus</span> <span class='ocrx_word' id='word_1_151' title='bbox 1951 1578 2127 1659; x_wconf 92' lang='lat' dir='ltr'>quini</span> <span class='ocrx_word' id='word_1_152' title='bbox 2195 1577 2403 1642; x_wconf 90' lang='lat' dir='ltr'>viceni</span> <span class='ocrx_word' id='word_1_153' title='bbox 2465 1576 2715 1641; x_wconf 89' lang='lat' dir='ltr'>denarii</span> 
     </span>
     <span class='ocr_line' id='line_1_18' title="bbox 314 1662 2715 1747; baseline 0 -21"><span class='ocrx_word' id='word_1_154' title='bbox 314 1662 467 1743; x_wconf 92' lang='lat' dir='ltr'>dati,</span> <span class='ocrx_word' id='word_1_155' title='bbox 515 1662 753 1745; x_wconf 83' lang='lat' dir='ltr'>duplex</span> <span class='ocrx_word' id='word_1_156' title='bbox 805 1662 1176 1742; x_wconf 87' lang='lat' dir='ltr'>centurioni,</span> <span class='ocrx_word' id='word_1_157' title='bbox 1223 1662 1456 1745; x_wconf 86' lang='lat' dir='ltr'>triplex</span> <span class='ocrx_word' id='word_1_158' title='bbox 1507 1663 1735 1746; x_wconf 81' lang='lat' dir='ltr'>equiti3</span> <span class='ocrx_word' id='word_1_159' title='bbox 1786 1669 1849 1727; x_wconf 89' lang='lat' dir='ltr'>et</span> <span class='ocrx_word' id='word_1_160' title='bbox 1895 1663 2281 1747; x_wconf 88' lang='lat' dir='ltr'>stipendium</span> <span class='ocrx_word' id='word_1_161' title='bbox 2327 1664 2604 1728; x_wconf 87' lang='lat' dir='ltr'>militare</span> <span class='ocrx_word' id='word_1_162' title='bbox 2652 1669 2715 1728; x_wconf 88' lang='lat' dir='ltr'>et</span> 
     </span>
     <span class='ocr_line' id='line_1_19' title="bbox 311 1747 2718 1834; baseline 0 -20"><span class='ocrx_word' id='word_1_163' title='bbox 311 1750 697 1814; x_wconf 86' lang='lat' dir='ltr'>frumentum</span> <span class='ocrx_word' id='word_1_164' title='bbox 752 1747 990 1831; x_wconf 86' lang='lat' dir='ltr'>duplex</span> <span class='ocrx_word' id='word_1_165' title='bbox 1036 1755 1178 1831; x_wconf 85' lang='lat' dir='ltr'>post</span> <span class='ocrx_word' id='word_1_166' title='bbox 1224 1749 1613 1833; x_wconf 91' lang='lat' dir='ltr'>triumphum</span> <span class='ocrx_word' id='word_1_167' title='bbox 1660 1749 1911 1834; x_wconf 89' lang='lat' dir='ltr'>datum;</span> <span class='ocrx_word' id='word_1_168' title='bbox 1958 1751 2110 1812; x_wconf 84' lang='lat' dir='ltr'>item</span> <span class='ocrx_word' id='word_1_169' title='bbox 2154 1750 2392 1834; x_wconf 90' lang='lat' dir='ltr'>proelio</span> <span class='ocrx_word' id='word_1_170' title='bbox 2445 1750 2514 1814; x_wconf 88' lang='lat' dir='ltr'>in</span> <span class='ocrx_word' id='word_1_171' title='bbox 2562 1750 2718 1815; x_wconf 90' lang='lat' dir='ltr'>Asia</span> 
     </span>
     <span class='ocr_line' id='line_1_20' title="bbox 314 1801 2716 1985; baseline 0 -85"><span class='ocrx_word' id='word_1_172' title='bbox 314 1836 484 1900; x_wconf 86' lang='lat' dir='ltr'>facto</span> <span class='ocrx_word' id='word_1_173' title='bbox 532 1834 783 1985; x_wconf 64' lang='grc' dir='ltr'>(1ηέ1011</span> <span class='ocrx_word' id='word_1_174' title='bbox 831 1833 1111 1899; x_wconf 89' lang='lat' dir='ltr'>dederat.</span> <span class='ocrx_word' id='word_1_175' title='bbox 1204 1834 1618 1918; x_wconf 90' lang='lat' dir='ltr'>triumphavit</span> <span class='ocrx_word' id='word_1_176' title='bbox 1675 1856 1844 1901; x_wconf 89' lang='lat' dir='ltr'>anno</span> <span class='ocrx_word' id='word_1_177' title='bbox 1897 1801 2038 1900; x_wconf 65' lang='lat' dir='ltr'>&#39;fere</span> <span class='ocrx_word' id='word_1_178' title='bbox 2097 1845 2259 1921; x_wconf 87' lang='lat' dir='ltr'>post,</span> <span class='ocrx_word' id='word_1_179' title='bbox 2321 1856 2515 1919; x_wconf 92' lang='lat' dir='ltr'>quam</span> <span class='ocrx_word' id='word_1_180' title='bbox 2575 1857 2716 1903; x_wconf 91' lang='lat' dir='ltr'>con-</span> 
     </span>
     <span class='ocr_line' id='line_1_21' title="bbox 313 1922 2801 1990; baseline 0.001 -2"><span class='ocrx_word' id='word_1_181' title='bbox 313 1923 519 1988; x_wconf 90' lang='lat' dir='ltr'>sulatu</span> <span class='ocrx_word' id='word_1_182' title='bbox 563 1942 603 1984; x_wconf 93' lang='lat' dir='ltr'>a</span> <span class='ocrx_word' id='word_1_183' title='bbox 647 1922 721 1985; x_wconf 91' lang='lat' dir='ltr'>iit</span> <span class='ocrx_word' id='word_1_184' title='bbox 2741 1942 2801 1990; x_wconf 84' lang='lat'>20</span> 
     </span>
    </p>

    <p class='ocr_par' dir='ltr' id='par_1_10' title="bbox 248 2006 2710 2091">
     <span class='ocr_line' id='line_1_22' title="bbox 248 2006 2710 2091; baseline 0.001 -20"><span class='ocrx_word' id='word_1_185' title='bbox 248 2028 272 2071; x_wconf 90' lang='lat'>1</span> <span class='ocrx_word' id='word_1_186' title='bbox 520 2009 656 2073; x_wconf 90' lang='lat' dir='ltr'>LX.</span> <span class='ocrx_word' id='word_1_187' title='bbox 704 2006 947 2072; x_wconf 87' lang='lat' dir='ltr'>Eodem</span> <span class='ocrx_word' id='word_1_188' title='bbox 991 2007 1126 2072; x_wconf 86' lang='lat' dir='ltr'>fere</span> <span class='ocrx_word' id='word_1_189' title='bbox 1170 2014 1454 2091; x_wconf 90' lang='lat' dir='ltr'>tempore</span> <span class='ocrx_word' id='word_1_190' title='bbox 1510 2013 1573 2072; x_wconf 89' lang='lat' dir='ltr'>et</span> <span class='ocrx_word' id='word_1_191' title='bbox 1621 2009 1733 2073; x_wconf 86' lang='lat' dir='ltr'>Cn.</span> <span class='ocrx_word' id='word_1_192' title='bbox 1767 2008 2041 2073; x_wconf 91' lang='lat' dir='ltr'>Manlius</span> <span class='ocrx_word' id='word_1_193' title='bbox 2097 2010 2313 2074; x_wconf 88' lang='lat' dir='ltr'>consul</span> <span class='ocrx_word' id='word_1_194' title='bbox 2364 2009 2432 2073; x_wconf 93' lang='lat' dir='ltr'>in</span> <span class='ocrx_word' id='word_1_195' title='bbox 2487 2008 2710 2074; x_wconf 89' lang='lat' dir='ltr'>Asiam</span> 
     </span>
    </p>

    <p class='ocr_par' dir='ltr' id='par_1_11' title="bbox 244 2094 2799 2439">
     <span class='ocr_line' id='line_1_23' title="bbox 244 2094 2710 2178; baseline 0 -18"><span class='ocrx_word' id='word_1_196' title='bbox 244 2114 273 2160; x_wconf 78' lang='lat'><strong>2</strong></span> <span class='ocrx_word' id='word_1_197' title='bbox 313 2102 378 2162; x_wconf 91' lang='lat' dir='ltr'>et</span> <span class='ocrx_word' id='word_1_198' title='bbox 424 2094 498 2173; x_wconf 78' lang='lat' dir='ltr'>Q.</span> <span class='ocrx_word' id='word_1_199' title='bbox 534 2095 771 2160; x_wconf 90' lang='lat' dir='ltr'>Fabius</span> <span class='ocrx_word' id='word_1_200' title='bbox 815 2094 1033 2159; x_wconf 85' lang='lat' dir='ltr'>Labeo</span> <span class='ocrx_word' id='word_1_201' title='bbox 1078 2100 1328 2178; x_wconf 88' lang='lat' dir='ltr'>praetor</span> <span class='ocrx_word' id='word_1_202' title='bbox 1386 2094 1472 2159; x_wconf 94' lang='lat' dir='ltr'>ad</span> <span class='ocrx_word' id='word_1_203' title='bbox 1531 2095 1797 2161; x_wconf 90' lang='lat' dir='ltr'>classem</span> <span class='ocrx_word' id='word_1_204' title='bbox 1842 2095 2037 2160; x_wconf 87' lang='lat' dir='ltr'>venit.</span> <span class='ocrx_word' id='word_1_205' title='bbox 2132 2103 2408 2161; x_wconf 86' lang='lat' dir='ltr'>ceterum</span> <span class='ocrx_word' id='word_1_206' title='bbox 2466 2096 2710 2170; x_wconf 88' lang='lat' dir='ltr'>consuli</span> 
     </span>
     <span class='ocr_line' id='line_1_24' title="bbox 312 2181 2708 2266; baseline -0 -18"><span class='ocrx_word' id='word_1_207' title='bbox 312 2203 440 2248; x_wconf 92' lang='lat' dir='ltr'>non</span> <span class='ocrx_word' id='word_1_208' title='bbox 486 2182 706 2247; x_wconf 90' lang='lat' dir='ltr'>deerat</span> <span class='ocrx_word' id='word_1_209' title='bbox 752 2202 894 2246; x_wconf 92' lang='lat' dir='ltr'>cum</span> <span class='ocrx_word' id='word_1_210' title='bbox 940 2181 1139 2246; x_wconf 83' lang='lat' dir='ltr'>Gallis</span> <span class='ocrx_word' id='word_1_211' title='bbox 1184 2181 1334 2245; x_wconf 90' lang='lat' dir='ltr'>belli</span> <span class='ocrx_word' id='word_1_212' title='bbox 1378 2183 1679 2266; x_wconf 79' lang='lat' dir='ltr'>materia3</span> <span class='ocrx_word' id='word_1_213' title='bbox 1726 2203 1899 2247; x_wconf 91' lang='lat' dir='ltr'>mare</span> <span class='ocrx_word' id='word_1_214' title='bbox 1930 2189 2226 2266; x_wconf 87' lang='lat' dir='ltr'>pacatum</span> <span class='ocrx_word' id='word_1_215' title='bbox 2273 2189 2409 2248; x_wconf 90' lang='lat' dir='ltr'>erat</span> <span class='ocrx_word' id='word_1_216' title='bbox 2455 2181 2708 2247; x_wconf 85' lang='lat' dir='ltr'>devicto</span> 
     </span>
     <span class='ocr_line' id='line_1_25' title="bbox 312 2268 2707 2352; baseline 0 -18"><span class='ocrx_word' id='word_1_217' title='bbox 312 2269 645 2349; x_wconf 90' lang='lat' dir='ltr'>Antioch0,</span> <span class='ocrx_word' id='word_1_218' title='bbox 703 2268 1131 2351; x_wconf 87' lang='lat' dir='ltr'>cogitantique</span> <span class='ocrx_word' id='word_1_219' title='bbox 1185 2268 1406 2348; x_wconf 87' lang='lat' dir='ltr'>Fabio,</span> <span class='ocrx_word' id='word_1_220' title='bbox 1473 2269 1573 2332; x_wconf 92' lang='grc'>(1111</span> <span class='ocrx_word' id='word_1_221' title='bbox 1630 2269 1722 2333; x_wconf 90' lang='lat' dir='ltr'>rei</span> <span class='ocrx_word' id='word_1_222' title='bbox 1781 2269 2177 2352; x_wconf 90' lang='lat' dir='ltr'>potissimum</span> <span class='ocrx_word' id='word_1_223' title='bbox 2235 2269 2578 2349; x_wconf 87' lang='lat' dir='ltr'>insisteret,</span> <span class='ocrx_word' id='word_1_224' title='bbox 2628 2289 2707 2334; x_wconf 89' lang='lat' dir='ltr'>ne</span> 
     </span>
     <span class='ocr_line' id='line_1_26' title="bbox 312 2354 2799 2439; baseline 0.001 -17"><span class='ocrx_word' id='word_1_225' title='bbox 312 2358 578 2422; x_wconf 90' lang='lat' dir='ltr'>otiosam</span> <span class='ocrx_word' id='word_1_226' title='bbox 623 2355 1017 2439; x_wconf 88' lang='lat' dir='ltr'>provinciam</span> <span class='ocrx_word' id='word_1_227' title='bbox 1061 2354 1361 2419; x_wconf 88' lang='lat' dir='ltr'>habuisse</span> <span class='ocrx_word' id='word_1_228' title='bbox 1416 2354 1620 2419; x_wconf 84' lang='lat' dir='ltr'>videri</span> <span class='ocrx_word' id='word_1_229' title='bbox 1679 2361 1913 2438; x_wconf 89' lang='lat' dir='ltr'>posset,</span> <span class='ocrx_word' id='word_1_230' title='bbox 1975 2356 2282 2438; x_wconf 88' lang='lat' dir='ltr'>optimum</span> <span class='ocrx_word' id='word_1_231' title='bbox 2339 2355 2551 2420; x_wconf 85' lang='lat' dir='ltr'>visum</span> <span class='ocrx_word' id='word_1_232' title='bbox 2613 2364 2707 2421; x_wconf 88' lang='lat' dir='ltr'>est</span> <span class='ocrx_word' id='word_1_233' title='bbox 2741 2376 2799 2423; x_wconf 78' lang='lat'>25</span> 
     </span>
    </p>

    <p class='ocr_par' dir='ltr' id='par_1_12' title="bbox 244 2440 2707 2699">
     <span class='ocr_line' id='line_1_27' title="bbox 244 2440 2707 2523; baseline -0.001 -14"><span class='ocrx_word' id='word_1_234' title='bbox 244 2463 275 2509; x_wconf 87' lang='lat'>3</span> <span class='ocrx_word' id='word_1_235' title='bbox 311 2444 377 2507; x_wconf 91' lang='lat' dir='ltr'>in</span> <span class='ocrx_word' id='word_1_236' title='bbox 425 2445 679 2509; x_wconf 87' lang='lat' dir='ltr'>Cretam</span> <span class='ocrx_word' id='word_1_237' title='bbox 723 2442 996 2506; x_wconf 91' lang='lat' dir='ltr'>insulam</span> <span class='ocrx_word' id='word_1_238' title='bbox 1052 2441 1336 2505; x_wconf 87' lang='lat' dir='ltr'>traicere.</span> <span class='ocrx_word' id='word_1_239' title='bbox 1434 2441 1831 2523; x_wconf 81' lang='lat' dir='ltr'>Cydoniatae</span> <span class='ocrx_word' id='word_1_240' title='bbox 1890 2442 2127 2506; x_wconf 92' lang='lat' dir='ltr'>bellum</span> <span class='ocrx_word' id='word_1_241' title='bbox 2187 2440 2495 2506; x_wconf 84' lang='lat' dir='ltr'>adversus</span> <span class='ocrx_word' id='word_1_242' title='bbox 2558 2442 2707 2507; x_wconf 85' lang='lat' dir='ltr'>Gor-</span> 
     </span>
     <span class='ocr_line' id='line_1_28' title="bbox 313 2527 2706 2613; baseline -0 -19"><span class='ocrx_word' id='word_1_243' title='bbox 313 2531 525 2613; x_wconf 86' lang='lat' dir='ltr'>tynios</span> <span class='ocrx_word' id='word_1_244' title='bbox 594 2529 987 2609; x_wconf 83' lang='lat' dir='ltr'>Gnosiosque</span> <span class='ocrx_word' id='word_1_245' title='bbox 1054 2527 1381 2610; x_wconf 87' lang='lat' dir='ltr'>gerebant,</span> <span class='ocrx_word' id='word_1_246' title='bbox 1444 2534 1508 2590; x_wconf 87' lang='lat' dir='ltr'>et</span> <span class='ocrx_word' id='word_1_247' title='bbox 1569 2529 1963 2611; x_wconf 87' lang='lat' dir='ltr'>captivorum</span> <span class='ocrx_word' id='word_1_248' title='bbox 2021 2529 2447 2592; x_wconf 88' lang='lat' dir='ltr'>Romanorum</span> <span class='ocrx_word' id='word_1_249' title='bbox 2511 2536 2706 2610; x_wconf 91' lang='lat' dir='ltr'>atque</span> 
     </span>
     <span class='ocr_line' id='line_1_29' title="bbox 307 2613 2705 2699; baseline 0 -20"><span class='ocrx_word' id='word_1_250' title='bbox 307 2616 513 2680; x_wconf 91' lang='lat' dir='ltr'>Italici</span> <span class='ocrx_word' id='word_1_251' title='bbox 558 2614 812 2698; x_wconf 89' lang='lat' dir='ltr'>generis</span> <span class='ocrx_word' id='word_1_252' title='bbox 856 2633 1128 2696; x_wconf 88' lang='lat' dir='ltr'>magnus</span> <span class='ocrx_word' id='word_1_253' title='bbox 1174 2633 1473 2677; x_wconf 90' lang='lat' dir='ltr'>numerus</span> <span class='ocrx_word' id='word_1_254' title='bbox 1519 2613 1585 2677; x_wconf 91' lang='lat' dir='ltr'>in</span> <span class='ocrx_word' id='word_1_255' title='bbox 1631 2614 1934 2678; x_wconf 85' lang='lat' dir='ltr'>servitute</span> <span class='ocrx_word' id='word_1_256' title='bbox 1995 2634 2133 2679; x_wconf 88' lang='lat' dir='ltr'>esse</span> <span class='ocrx_word' id='word_1_257' title='bbox 2194 2635 2309 2699; x_wconf 92' lang='lat' dir='ltr'>per</span> <span class='ocrx_word' id='word_1_258' title='bbox 2368 2620 2569 2679; x_wconf 88' lang='lat' dir='ltr'>totam</span> <span class='ocrx_word' id='word_1_259' title='bbox 2614 2615 2705 2679; x_wconf 92' lang='grc'>111-</span> 
     </span>
    </p>

    <p class='ocr_par' dir='ltr' id='par_1_13' title="bbox 239 2699 2704 2784">
     <span class='ocr_line' id='line_1_30' title="bbox 239 2699 2704 2784; baseline -0.002 -14"><span class='ocrx_word' id='word_1_260' title='bbox 239 2725 272 2770; x_wconf 85' lang='grc'>4</span> <span class='ocrx_word' id='word_1_261' title='bbox 309 2703 511 2767; x_wconf 88' lang='lat' dir='ltr'>sulam</span> <span class='ocrx_word' id='word_1_262' title='bbox 558 2701 904 2765; x_wconf 87' lang='lat' dir='ltr'>dicebatur.</span> <span class='ocrx_word' id='word_1_263' title='bbox 998 2700 1198 2763; x_wconf 88' lang='lat' dir='ltr'>classe</span> <span class='ocrx_word' id='word_1_264' title='bbox 1244 2701 1325 2765; x_wconf 92' lang='lat' dir='ltr'>ab</span> <span class='ocrx_word' id='word_1_265' title='bbox 1372 2699 1627 2783; x_wconf 89' lang='lat' dir='ltr'>Epheso</span> <span class='ocrx_word' id='word_1_266' title='bbox 1671 2700 1994 2783; x_wconf 89' lang='lat' dir='ltr'>profectus</span> <span class='ocrx_word' id='word_1_267' title='bbox 2040 2720 2182 2764; x_wconf 90' lang='lat' dir='ltr'>cum</span> <span class='ocrx_word' id='word_1_268' title='bbox 2239 2701 2512 2784; x_wconf 91' lang='lat' dir='ltr'>primum</span> <span class='ocrx_word' id='word_1_269' title='bbox 2561 2701 2704 2766; x_wconf 87' lang='lat' dir='ltr'>Cre-</span> 
     </span>
    </p>
   </div>
   <div class='ocr_carea' id='block_1_9' title="bbox 306 2786 2801 2870">
    <p class='ocr_par' dir='ltr' id='par_1_14' title="bbox 306 2769 2885 2870">
     <span class='ocr_line' id='line_1_31' title="bbox 306 2786 2801 2870; baseline 0.002 -18"><span class='ocrx_word' id='word_1_270' title='bbox 306 2795 411 2852; x_wconf 90' lang='lat' dir='ltr'>tae</span> <span class='ocrx_word' id='word_1_271' title='bbox 455 2788 603 2852; x_wconf 90' lang='lat' dir='ltr'>litus</span> <span class='ocrx_word' id='word_1_272' title='bbox 647 2787 878 2870; x_wconf 88' lang='lat' dir='ltr'>attigit,</span> <span class='ocrx_word' id='word_1_273' title='bbox 923 2786 1178 2851; x_wconf 88' lang='lat' dir='ltr'>nuntios</span> <span class='ocrx_word' id='word_1_274' title='bbox 1225 2786 1392 2850; x_wconf 90' lang='lat' dir='ltr'>circa</span> <span class='ocrx_word' id='word_1_275' title='bbox 1437 2786 1727 2851; x_wconf 87' lang='lat' dir='ltr'>civitates</span> <span class='ocrx_word' id='word_1_276' title='bbox 1772 2786 1961 2866; x_wconf 90' lang='lat' dir='ltr'>misit,</span> <span class='ocrx_word' id='word_1_277' title='bbox 1994 2792 2064 2851; x_wconf 89' lang='lat' dir='ltr'>ut</span> <span class='ocrx_word' id='word_1_278' title='bbox 2092 2788 2284 2852; x_wconf 88' lang='lat' dir='ltr'>armis</span> <span class='ocrx_word' id='word_1_279' title='bbox 2315 2787 2699 2853; x_wconf 88' lang='lat' dir='ltr'>absisterent</span> <span class='ocrx_word' id='word_1_280' title='bbox 2736 2809 2801 2857; x_wconf 84' lang='lat'>30</span> 
     </span>
    </p>
   </div>
   <div class='ocr_carea' id='block_1_10' title="bbox 306 2912 722 2921">
    <p class='ocr_par' dir='ltr' id='par_1_15' title="bbox 306 2912 722 2921">
     <span class='ocr_line' id='line_1_32' title="bbox 306 2912 722 2921; baseline 0 1357"><span class='ocrx_word' id='word_1_281' title='bbox 306 2912 722 2921; x_wconf 95' lang='lat' dir='ltr'> </span> 
     </span>
    </p>
   </div>
   <div class='ocr_carea' id='block_1_11' title="bbox 302 2973 2703 3818">
    <p class='ocr_par' dir='ltr' id='par_1_16' title="bbox 302 2973 2703 3818">
     <span class='ocr_line' id='line_1_33' title="bbox 516 2973 2701 3045; baseline -0 -14"><span class='ocrx_word' id='word_1_282' title='bbox 516 2979 560 3031; x_wconf 91' lang='lat'>1.</span> <span class='ocrx_word' id='word_1_283' title='bbox 589 2980 646 3029; x_wconf 90' lang='lat' dir='ltr'>et</span> <span class='ocrx_word' id='word_1_284' title='bbox 682 2976 808 3030; x_wconf 83' lang='lat' dir='ltr'>add.</span> <span class='ocrx_word' id='word_1_285' title='bbox 837 2976 916 3029; x_wconf 84' lang='lat' dir='ltr'>ed.</span> <span class='ocrx_word' id='word_1_286' title='bbox 943 2975 1122 3029; x_wconf 74' lang='lat' dir='ltr'>Basil.</span> <span class='ocrx_word' id='word_1_287' title='bbox 1148 2978 1302 3028; x_wconf 88' lang='lat'><strong><em>1531.</em></strong></span> <span class='ocrx_word' id='word_1_288' title='bbox 1337 2976 1344 3039; x_wconf 96' lang='grc' dir='ltr'>Ι</span> <span class='ocrx_word' id='word_1_289' title='bbox 1376 2977 1423 3029; x_wconf 87' lang='grc'>3.</span> <span class='ocrx_word' id='word_1_290' title='bbox 1452 2975 1748 3028; x_wconf 86' lang='lat' dir='ltr'>affricanus</span> <span class='ocrx_word' id='word_1_291' title='bbox 1783 2973 1970 3029; x_wconf 85' lang='lat' dir='ltr'>fratris</span> <span class='ocrx_word' id='word_1_292' title='bbox 1996 2975 2057 3029; x_wconf 93' lang='lat' dir='ltr'>B.</span> <span class='ocrx_word' id='word_1_293' title='bbox 2091 2978 2099 3042; x_wconf 94' lang='grc' dir='ltr'>Ι</span> <span class='ocrx_word' id='word_1_294' title='bbox 2132 2979 2178 3030; x_wconf 88' lang='grc'>’7.</span> <span class='ocrx_word' id='word_1_295' title='bbox 2206 2975 2447 3029; x_wconf 85' lang='lat' dir='ltr'>ducenta</span> <span class='ocrx_word' id='word_1_296' title='bbox 2471 2976 2701 3045; x_wconf 82' lang='lat' dir='ltr'>triginta</span> 
     </span>
     <span class='ocr_line' id='line_1_34' title="bbox 305 3060 2697 3132; baseline 0 -16"><span class='ocrx_word' id='word_1_297' title='bbox 305 3067 569 3132; x_wconf 84' lang='lat' dir='ltr'>quattuor</span> <span class='ocrx_word' id='word_1_298' title='bbox 612 3062 693 3130; x_wconf 89' lang='lat' dir='ltr'>M,</span> <span class='ocrx_word' id='word_1_299' title='bbox 747 3063 943 3115; x_wconf 75' lang='lat' dir='ltr'>Aldus,</span> <span class='ocrx_word' id='word_1_300' title='bbox 985 3062 994 3128; x_wconf 97' lang='grc' dir='ltr'>Ι</span> <span class='ocrx_word' id='word_1_301' title='bbox 1037 3063 1116 3115; x_wconf 89' lang='grc'>10.</span> <span class='ocrx_word' id='word_1_302' title='bbox 1164 3060 1534 3129; x_wconf 86' lang='lat' dir='ltr'>quadraginta</span> <span class='ocrx_word' id='word_1_303' title='bbox 1588 3066 1800 3129; x_wconf 87' lang='lat' dir='ltr'>septem</span> <span class='ocrx_word' id='word_1_304' title='bbox 1848 3062 1918 3115; x_wconf 91' lang='lat' dir='ltr'>M.</span> <span class='ocrx_word' id='word_1_305' title='bbox 1962 3064 1971 3128; x_wconf 92' lang='grc' dir='ltr'>Ι</span> <span class='ocrx_word' id='word_1_306' title='bbox 2014 3079 2179 3114; x_wconf 84' lang='lat' dir='ltr'>cccxx</span> <span class='ocrx_word' id='word_1_307' title='bbox 2224 3066 2553 3115; x_wconf 88' lang='lat' dir='ltr'>tetracmum</span> <span class='ocrx_word' id='word_1_308' title='bbox 2596 3063 2658 3117; x_wconf 90' lang='lat' dir='ltr'>B.</span> <span class='ocrx_word' id='word_1_309' title='bbox 2690 3063 2697 3132; x_wconf 90' lang='grc' dir='ltr'>Ι</span> 
     </span>
     <span class='ocr_line' id='line_1_35' title="bbox 309 3147 2703 3218; baseline -0 -12"><span class='ocrx_word' id='word_1_310' title='bbox 309 3154 387 3206; x_wconf 92' lang='grc'>11.</span> <span class='ocrx_word' id='word_1_311' title='bbox 416 3168 599 3201; x_wconf 86' lang='lat' dir='ltr'>ccxrnr</span> <span class='ocrx_word' id='word_1_312' title='bbox 624 3147 919 3215; x_wconf 88' lang='lat' dir='ltr'>cistophori</span> <span class='ocrx_word' id='word_1_313' title='bbox 944 3147 1009 3200; x_wconf 91' lang='lat' dir='ltr'>B.</span> <span class='ocrx_word' id='word_1_314' title='bbox 1041 3149 1049 3212; x_wconf 96' lang='grc' dir='ltr'>Ι</span> <span class='ocrx_word' id='word_1_315' title='bbox 1085 3150 1163 3202; x_wconf 89' lang='grc'>13.</span> <span class='ocrx_word' id='word_1_316' title='bbox 1190 3150 1261 3215; x_wconf 81' lang='lat' dir='ltr'>cf.</span> <span class='ocrx_word' id='word_1_317' title='bbox 1282 3149 1347 3201; x_wconf 85' lang='lat' dir='ltr'>de</span> <span class='ocrx_word' id='word_1_318' title='bbox 1381 3150 1432 3202; x_wconf 79' lang='lat' dir='ltr'>h.</span> <span class='ocrx_word' id='word_1_319' title='bbox 1455 3150 1489 3202; x_wconf 90' lang='lat' dir='ltr'>l.</span> <span class='ocrx_word' id='word_1_320' title='bbox 1511 3155 1561 3203; x_wconf 84' lang='lat' dir='ltr'>et</span> <span class='ocrx_word' id='word_1_321' title='bbox 1584 3150 1648 3202; x_wconf 86' lang='lat' dir='ltr'>de</span> <span class='ocrx_word' id='word_1_322' title='bbox 1671 3151 1913 3203; x_wconf 75' lang='lat' dir='ltr'>numeris</span> <span class='ocrx_word' id='word_1_323' title='bbox 1938 3150 2184 3218; x_wconf 76' lang='lat' dir='ltr'>Madviy.</span> <span class='ocrx_word' id='word_1_324' title='bbox 2212 3150 2338 3202; x_wconf 86' lang='lat' dir='ltr'>Em.</span> <span class='ocrx_word' id='word_1_325' title='bbox 2357 3150 2426 3202; x_wconf 88' lang='lat' dir='ltr'>L.</span> <span class='ocrx_word' id='word_1_326' title='bbox 2446 3166 2506 3218; x_wconf 77' lang='lat' dir='ltr'>p.</span> <span class='ocrx_word' id='word_1_327' title='bbox 2528 3153 2633 3204; x_wconf 80' lang='lat'>538</span> <span class='ocrx_word' id='word_1_328' title='bbox 2655 3157 2703 3205; x_wconf 85' lang='lat' dir='ltr'>et</span> 
     </span>
     <span class='ocr_line' id='line_1_36' title="bbox 305 3235 2701 3305; baseline 0 -14"><span class='ocrx_word' id='word_1_329' title='bbox 305 3238 528 3291; x_wconf 80' lang='lat' dir='ltr'>Richter</span> <span class='ocrx_word' id='word_1_330' title='bbox 542 3253 730 3305; x_wconf 76' lang='lat' dir='ltr'>proyr.</span> <span class='ocrx_word' id='word_1_331' title='bbox 752 3235 1125 3290; x_wconf 75' lang='lat' dir='ltr'>Oldenb.1880</span> <span class='ocrx_word' id='word_1_332' title='bbox 1141 3239 1299 3302; x_wconf 75' lang='lat' dir='ltr'>p.40.</span> <span class='ocrx_word' id='word_1_333' title='bbox 1332 3236 1340 3298; x_wconf 96' lang='grc' dir='ltr'>Ι</span> <span class='ocrx_word' id='word_1_334' title='bbox 1375 3236 1455 3288; x_wconf 89' lang='lat'>15.</span> <span class='ocrx_word' id='word_1_335' title='bbox 1483 3237 1541 3288; x_wconf 90' lang='lat' dir='ltr'>et</span> <span class='ocrx_word' id='word_1_336' title='bbox 1561 3236 1850 3302; x_wconf 89' lang='lat' dir='ltr'>purpurati</span> <span class='ocrx_word' id='word_1_337' title='bbox 1876 3236 1989 3290; x_wconf 84' lang='lat' dir='ltr'>eod.</span> <span class='ocrx_word' id='word_1_338' title='bbox 2011 3252 2111 3289; x_wconf 86' lang='lat' dir='ltr'>ree.</span> <span class='ocrx_word' id='word_1_339' title='bbox 2135 3241 2184 3288; x_wconf 83' lang='lat' dir='ltr'>et</span> <span class='ocrx_word' id='word_1_340' title='bbox 2219 3236 2296 3289; x_wconf 83' lang='lat' dir='ltr'>ed.</span> <span class='ocrx_word' id='word_1_341' title='bbox 2324 3241 2418 3289; x_wconf 80' lang='lat' dir='ltr'>vet.</span> <span class='ocrx_word' id='word_1_342' title='bbox 2454 3236 2462 3302; x_wconf 93' lang='grc' dir='ltr'>Ι</span> <span class='ocrx_word' id='word_1_343' title='bbox 2498 3238 2578 3290; x_wconf 88' lang='grc'>18.</span> <span class='ocrx_word' id='word_1_344' title='bbox 2605 3243 2701 3291; x_wconf 82' lang='lat' dir='ltr'>aut</span> 
     </span>
     <span class='ocr_line' id='line_1_37' title="bbox 305 3319 2699 3391; baseline 0.001 -18"><span class='ocrx_word' id='word_1_345' title='bbox 305 3321 639 3375; x_wconf 86' lang='lat' dir='ltr'>frumentum</span> <span class='ocrx_word' id='word_1_346' title='bbox 683 3321 883 3389; x_wconf 89' lang='lat' dir='ltr'>triplex</span> <span class='ocrx_word' id='word_1_347' title='bbox 928 3327 1026 3375; x_wconf 79' lang='lat' dir='ltr'>aut</span> <span class='ocrx_word' id='word_1_348' title='bbox 1077 3322 1233 3389; x_wconf 73' lang='lat' dir='ltr'>infra</span> <span class='ocrx_word' id='word_1_349' title='bbox 1284 3319 1487 3388; x_wconf 84' lang='lat' dir='ltr'>triplex</span> <span class='ocrx_word' id='word_1_350' title='bbox 1543 3319 1775 3374; x_wconf 88' lang='lat' dir='ltr'>dederat</span> <span class='ocrx_word' id='word_1_351' title='bbox 1828 3323 2059 3391; x_wconf 65' lang='lat' dir='ltr'>Madvig]</span> <span class='ocrx_word' id='word_1_352' title='bbox 2106 3323 2230 3375; x_wconf 85' lang='lat' dir='ltr'>Em.</span> <span class='ocrx_word' id='word_1_353' title='bbox 2268 3323 2336 3375; x_wconf 86' lang='lat' dir='ltr'>L.</span> <span class='ocrx_word' id='word_1_354' title='bbox 2370 3323 2403 3375; x_wconf 91' lang='lat' dir='ltr'>l.</span> <span class='ocrx_word' id='word_1_355' title='bbox 2441 3323 2475 3375; x_wconf 87' lang='lat' dir='ltr'>l.</span> <span class='ocrx_word' id='word_1_356' title='bbox 2520 3324 2528 3388; x_wconf 93' lang='grc' dir='ltr'>Ι</span> <span class='ocrx_word' id='word_1_357' title='bbox 2568 3321 2699 3376; x_wconf 88' lang='lat' dir='ltr'>item</span> 
     </span>
     <span class='ocr_line' id='line_1_38' title="bbox 306 3407 2700 3477; baseline 0.002 -17"><span class='ocrx_word' id='word_1_358' title='bbox 306 3408 516 3475; x_wconf 88' lang='lat' dir='ltr'>proelio</span> <span class='ocrx_word' id='word_1_359' title='bbox 561 3410 757 3475; x_wconf 45' lang='lat' dir='ltr'>Hertz</span> <span class='ocrx_word' id='word_1_360' title='bbox 799 3407 1009 3475; x_wconf 89' lang='lat' dir='ltr'>proelio</span> <span class='ocrx_word' id='word_1_361' title='bbox 1054 3409 1169 3463; x_wconf 83' lang='lat' dir='ltr'>cod.</span> <span class='ocrx_word' id='word_1_362' title='bbox 1205 3415 1253 3462; x_wconf 84' lang='lat' dir='ltr'>et</span> <span class='ocrx_word' id='word_1_363' title='bbox 1298 3409 1377 3461; x_wconf 77' lang='lat' dir='ltr'>ecl.</span> <span class='ocrx_word' id='word_1_364' title='bbox 1412 3414 1528 3473; x_wconf 71' lang='lat' dir='ltr'>vet„</span> <span class='ocrx_word' id='word_1_365' title='bbox 1573 3407 1682 3459; x_wconf 91' lang='lat' dir='ltr'>iam</span> <span class='ocrx_word' id='word_1_366' title='bbox 1726 3407 1939 3474; x_wconf 90' lang='lat' dir='ltr'>proelio</span> <span class='ocrx_word' id='word_1_367' title='bbox 1985 3410 2312 3477; x_wconf 74' lang='lat' dir='ltr'>Heusinyer,</span> <span class='ocrx_word' id='word_1_368' title='bbox 2358 3410 2439 3462; x_wconf 89' lang='lat' dir='ltr'>M.</span> <span class='ocrx_word' id='word_1_369' title='bbox 2466 3410 2700 3464; x_wconf 78' lang='lat' dir='ltr'>Mueller</span> 
     </span>
     <span class='ocr_line' id='line_1_39' title="bbox 306 3493 2696 3565; baseline 0 -15"><span class='ocrx_word' id='word_1_370' title='bbox 306 3501 458 3563; x_wconf 78' lang='lat' dir='ltr'>(post</span> <span class='ocrx_word' id='word_1_371' title='bbox 492 3493 643 3547; x_wconf 86' lang='lat' dir='ltr'>facto</span> <span class='ocrx_word' id='word_1_372' title='bbox 680 3495 939 3549; x_wconf 78' lang='lat' dir='ltr'>excidisse</span> <span class='ocrx_word' id='word_1_373' title='bbox 972 3494 1081 3547; x_wconf 89' lang='lat' dir='ltr'>iam</span> <span class='ocrx_word' id='word_1_374' title='bbox 1117 3496 1198 3548; x_wconf 81' lang='lat' dir='ltr'>vel</span> <span class='ocrx_word' id='word_1_375' title='bbox 1232 3493 1423 3546; x_wconf 88' lang='lat' dir='ltr'>itidem</span> <span class='ocrx_word' id='word_1_376' title='bbox 1465 3496 1540 3548; x_wconf 86' lang='lat' dir='ltr'>vel</span> <span class='ocrx_word' id='word_1_377' title='bbox 1575 3509 1799 3561; x_wconf 91' lang='lat' dir='ltr'>quoque</span> <span class='ocrx_word' id='word_1_378' title='bbox 1836 3497 1972 3549; x_wconf 74' lang='lat' dir='ltr'>corii.</span> <span class='ocrx_word' id='word_1_379' title='bbox 2006 3495 2256 3561; x_wconf 78' lang='lat' dir='ltr'>Crevier).</span> <span class='ocrx_word' id='word_1_380' title='bbox 2290 3499 2298 3561; x_wconf 91' lang='grc' dir='ltr'>Ι</span> <span class='ocrx_word' id='word_1_381' title='bbox 2329 3497 2412 3549; x_wconf 89' lang='grc'>20.</span> <span class='ocrx_word' id='word_1_382' title='bbox 2438 3494 2560 3547; x_wconf 86' lang='lat' dir='ltr'>abit</span> <span class='ocrx_word' id='word_1_383' title='bbox 2596 3495 2659 3550; x_wconf 91' lang='lat' dir='ltr'>B.</span> <span class='ocrx_word' id='word_1_384' title='bbox 2689 3496 2696 3565; x_wconf 96' lang='grc' dir='ltr'>Ι</span> 
     </span>
     <span class='ocr_line' id='line_1_40' title="bbox 305 3579 2700 3650; baseline 0 -15"><span class='ocrx_word' id='word_1_385' title='bbox 305 3584 389 3636; x_wconf 90' lang='grc'>24.</span> <span class='ocrx_word' id='word_1_386' title='bbox 428 3580 810 3648; x_wconf 88' lang='lat' dir='ltr'>cogitantique</span> <span class='ocrx_word' id='word_1_387' title='bbox 845 3579 1197 3648; x_wconf 80' lang='lat' dir='ltr'>(cogitantiq3</span> <span class='ocrx_word' id='word_1_388' title='bbox 1242 3579 1310 3646; x_wconf 92' lang='lat' dir='ltr'>B)</span> <span class='ocrx_word' id='word_1_389' title='bbox 1347 3582 1460 3635; x_wconf 87' lang='lat' dir='ltr'>eod.</span> <span class='ocrx_word' id='word_1_390' title='bbox 1479 3581 1743 3649; x_wconf 72' lang='lat' dir='ltr'>plerique,</span> <span class='ocrx_word' id='word_1_391' title='bbox 1782 3583 1850 3649; x_wconf 80' lang='lat' dir='ltr'>cf.</span> <span class='ocrx_word' id='word_1_392' title='bbox 1880 3583 2107 3635; x_wconf 72' lang='lat' dir='ltr'>Harant</span> <span class='ocrx_word' id='word_1_393' title='bbox 2143 3582 2268 3635; x_wconf 83' lang='lat' dir='ltr'>Em.</span> <span class='ocrx_word' id='word_1_394' title='bbox 2288 3598 2347 3649; x_wconf 79' lang='lat' dir='ltr'>p.</span> <span class='ocrx_word' id='word_1_395' title='bbox 2374 3585 2475 3634; x_wconf 86' lang='lat'>191</span> <span class='ocrx_word' id='word_1_396' title='bbox 2486 3601 2505 3645; x_wconf 79' lang='lat'>,-</span> <span class='ocrx_word' id='word_1_397' title='bbox 2551 3582 2700 3650; x_wconf 88' lang='lat' dir='ltr'>cogi·</span> 
     </span>
     <span class='ocr_line' id='line_1_41' title="bbox 303 3665 2701 3737; baseline 0.001 -17"><span class='ocrx_word' id='word_1_398' title='bbox 303 3667 447 3720; x_wconf 87' lang='lat' dir='ltr'>tanti</span> <span class='ocrx_word' id='word_1_399' title='bbox 491 3667 552 3731; x_wconf 81' lang='lat' dir='ltr'>Q.</span> <span class='ocrx_word' id='word_1_400' title='bbox 587 3667 763 3721; x_wconf 85' lang='lat' dir='ltr'>Fabio</span> <span class='ocrx_word' id='word_1_401' title='bbox 809 3667 878 3720; x_wconf 91' lang='lat' dir='ltr'>M.</span> <span class='ocrx_word' id='word_1_402' title='bbox 912 3670 922 3734; x_wconf 92' lang='grc' dir='ltr'>Ι</span> <span class='ocrx_word' id='word_1_403' title='bbox 954 3670 1037 3722; x_wconf 86' lang='grc'>26.</span> <span class='ocrx_word' id='word_1_404' title='bbox 1082 3665 1388 3735; x_wconf 79' lang='lat' dir='ltr'>gydoniate</span> <span class='ocrx_word' id='word_1_405' title='bbox 1432 3667 1495 3721; x_wconf 89' lang='lat' dir='ltr'>B.</span> <span class='ocrx_word' id='word_1_406' title='bbox 1537 3669 1547 3735; x_wconf 95' lang='grc' dir='ltr'>Ι</span> <span class='ocrx_word' id='word_1_407' title='bbox 1587 3670 1849 3737; x_wconf 84' lang='lat' dir='ltr'>cortynos</span> <span class='ocrx_word' id='word_1_408' title='bbox 1894 3667 2118 3735; x_wconf 86' lang='lat' dir='ltr'>gnosios</span> <span class='ocrx_word' id='word_1_409' title='bbox 2166 3667 2224 3720; x_wconf 84' lang='lat'>13.</span> <span class='ocrx_word' id='word_1_410' title='bbox 2266 3669 2274 3732; x_wconf 96' lang='grc' dir='ltr'>Ι</span> <span class='ocrx_word' id='word_1_411' title='bbox 2315 3670 2398 3722; x_wconf 91' lang='grc'>28.</span> <span class='ocrx_word' id='word_1_412' title='bbox 2435 3682 2535 3735; x_wconf 86' lang='lat' dir='ltr'>per</span> <span class='ocrx_word' id='word_1_413' title='bbox 2580 3671 2701 3722; x_wconf 58' lang='grc' dir='ltr'>10ῐέ</span> 
     </span>
     <span class='ocr_line' id='line_1_42' title="bbox 302 3752 927 3818; baseline -0.002 -12"><span class='ocrx_word' id='word_1_414' title='bbox 302 3753 460 3807; x_wconf 69' lang='lat' dir='ltr'>italia</span> <span class='ocrx_word' id='word_1_415' title='bbox 495 3752 787 3807; x_wconf 85' lang='lat' dir='ltr'>dicebatur</span> <span class='ocrx_word' id='word_1_416' title='bbox 822 3753 883 3806; x_wconf 93' lang='lat' dir='ltr'>B.</span> <span class='ocrx_word' id='word_1_417' title='bbox 919 3756 927 3818; x_wconf 99' lang='grc' dir='ltr'>Ι</span> 
     </span>
    </p>
   </div>
   <div class='ocr_carea' id='block_1_12' title="bbox 2884 3101 2885 3646">
    <p class='ocr_par' dir='ltr' id='par_1_17' title="bbox 2884 3101 2885 3646">
     <span class='ocr_line' id='line_1_43' title="bbox 2884 3101 2885 3646; baseline 0 0"><span class='ocrx_word' id='word_1_418' title='bbox 2884 3101 2885 3646; x_wconf 95' lang='lat' dir='ltr'> </span> 
     </span>
    </p>
   </div>
  </div>
 </body>
</html>
