2925 4278
652 121 876 175 LIBER
920 121 1248 177 XXXVIII.
1286 122 1454 177 CAP.
1482 125 1565 178 25.
1591 126 1676 178 26.
1717 123 1785 191 [a.
1812 123 1878 178 U.
1904 138 1950 176 ο.
1977 124 2119 193 565].
2453 106 2574 168 149

186 297 466 360 clamore
508 295 741 379 pavido
786 316 1037 360 suorum
1096 295 1311 361 audito
1374 316 1516 360 cum
1577 297 1703 360 tela
1765 317 2084 380 equosque
2145 295 2572 381 expedissent,

185 383 426 466 integri
472 382 870 466 profligatam
916 403 1198 467 pugnam
1250 389 1651 467 acceperunt.
1741 384 1955 465 itaque
2014 403 2200 449 versa
2255 386 2574 467 extemplo
2615 396 2676 442 15

185 469 444 534 fortuna
488 475 601 549 est,
657 482 876 534 versus
920 490 961 532 a
1004 470 1189 534 victis
1234 470 1300 533 in
1348 471 1619 535 victores
1664 475 1877 536 terror.
1971 477 2034 534 et
2086 471 2288 554 primo
2332 472 2574 555 impetu

186 557 312 622 fusi
363 555 528 621 Galli
574 562 739 634 sunt,
788 562 851 620 et
896 576 977 620 ex
1024 557 1194 639 agris
1241 557 1700 621 concurrebant
1729 557 2152 641 pabulatoreS,
2201 564 2263 621 et
2292 557 2575 639 undique

113 661 144 708 5
187 643 417 710 obvius
461 641 660 707 hostis
706 642 901 707 Gallis
948 649 1101 724 erat,
1149 650 1218 707 ut
1261 663 1343 708 ne
1388 643 1608 727 fugam
1653 643 1910 725 quidem
1940 650 2142 709 tutam
2181 650 2290 708 aut
2320 643 2574 708 facilem

188 731 538 810 haberent,
609 729 755 811 quia
821 730 1179 794 recentibus
1254 731 1438 812 equis
1504 731 1773 795 Romani
1855 730 2059 797 fessos
2127 731 2571 813 sequebantur.

186 817 376 902 pauci
424 836 575 900 ergo
623 816 1011 900 effugerunt3
1074 822 1295 900 captus
1340 823 1436 882 est
1480 837 1701 901 nemo;
1767 817 1966 881 maior
2024 819 2220 883 multo
2265 837 2413 900 pars
2459 836 2574 900 per
2611 829 2675 876 16

187 904 382 968 fidem
428 902 645 968 violati
692 902 981 984 colloquii
1026 923 1265 987 poenas
1309 909 1508 968 morte
1552 904 1822 968 luerunt.
1900 906 2169 969 Romani
2200 904 2572 969 ardentibus

184 992 281 1056 ira
325 989 556 1054 animis
600 995 850 1072 postero
896 989 999 1054 die
1045 990 1335 1055 omnibus
1382 990 1579 1072 copiis
1622 990 1708 1055 ad
1751 989 1996 1055 hostem
2042 992 2437 1075 perveniunt.

88 1096 148 1143 1o
396 1077 635 1141 XXVI.
684 1075 957 1140 Biduum
1017 1081 1243 1140 natura
1302 1078 1532 1142 montis
1596 1097 1710 1160 per
1770 1097 1838 1141 se
1895 1078 2104 1160 ipsum
2161 1076 2568 1161 exploranda,
2648 1087 2672 1132 1

183 1185 269 1229 ne
314 1162 470 1245 quid
514 1163 713 1246 ignoti
760 1169 945 1242 esset,
991 1164 1343 1247 absumpsit
1390 1165 1626 1229 consul.
1675 1164 1894 1229 -tertio
1942 1164 2065 1245 die,
2101 1184 2243 1228 cum
2288 1164 2571 1247 auspicio

182 1269 444 1335 operam
491 1248 790 1330 dedisset,
838 1248 1068 1314 deinde
1112 1250 1520 1331 immolasset,
1584 1251 1649 1315 in
1706 1257 2001 1332 quattuor
2058 1258 2270 1334 partes
2332 1249 2571 1314 divisas

183 1337 402 1421 copias
449 1335 677 1417 educit,
726 1336 904 1416 duaS,
950 1342 1019 1400 ut
1064 1335 1272 1401 medio
1320 1344 1533 1402 monte
1579 1335 1855 1417 duceret,
1903 1335 2061 1401 duas
2105 1337 2188 1401 ab
2244 1337 2568 1417 lateribus,
2643 1350 2673 1396 2

181 1431 255 1489 ut
320 1420 629 1488 adversus
696 1442 931 1486 cornua
999 1423 1315 1487 Gallorum
1384 1424 1670 1507 erigeret.
1762 1422 2035 1487 hostium
2103 1422 2270 1506 quod
2328 1423 2570 1488 roboris
2644 1437 2674 1481 3

89 1530 146 1578 15
184 1517 340 1590 erat,
387 1510 724 1593 Tectosagi
770 1515 832 1573 et
875 1510 1145 1589 Trocmi,
1192 1508 1467 1574 mediam
1513 1512 1816 1576 tenebant
1861 1510 2083 1589 aciem,
2145 1510 2320 1575 milia
2378 1509 2572 1575 homi-

182 1619 340 1664 num
387 1596 866 1679 quinquaginta.
959 1596 1326 1677 equitatum,
1390 1597 1540 1678 quia
1599 1617 1899 1678 equorum
1960 1597 2168 1661 nullus
2227 1604 2361 1661 erat
2405 1597 2571 1660 inter

185 1684 555 1767 inaequales
607 1702 797 1766 rupes
841 1701 1012 1762 usus,
1060 1682 1145 1752 ad
1189 1682 1386 1766 pedes
1433 1682 1794 1764 deductum,
1858 1683 2077 1747 decem
2138 1684 2312 1748 milia
2376 1683 2568 1749 homi-

187 1792 357 1851 num,
427 1770 510 1834 ab
580 1769 803 1833 dextro
870 1769 1234 1833 locaverant
1301 1790 1512 1835 cornu.
1605 1769 1955 1835 Ariarathis
2024 1769 2439 1855 Cappadoces
2507 1776 2570 1834 et
2641 1790 2674 1836 4

191 1857 377 1922 Morzi
425 1855 764 1921 auxiliares
809 1855 875 1919 in
932 1856 1113 1921 laevo
1161 1863 1452 1938 quattuor
1511 1856 1710 1922 ferme
1769 1857 2013 1922 milium
2071 1877 2401 1922 numerum
2465 1878 2569 1921 ex-

93 1962 153 2010 20
188 1945 477 2029 plebant..
560 1943 793 2023 consul,
842 1943 1003 2007 sicut
1046 1943 1115 2007 in
1160 1943 1433 2026 Olympo
1479 1950 1713 2024 monte,
1774 1944 1981 2028 prima
2038 1944 2104 2008 in
2165 1944 2305 2010 acie
2365 1945 2571 2008 locata

183 2031 309 2096 levi
354 2035 691 2110 armatura,
752 2029 1018 2094 telorum
1078 2031 1282 2095 omnis
1325 2031 1579 2114 generis
1637 2036 1707 2095 ut
1772 2051 1974 2112 aeque
2034 2051 2270 2113 magna
2328 2032 2426 2094 vis
2485 2028 2568 2094 ad

183 2138 444 2184 manum
493 2121 677 2198 esset,
726 2117 988 2182 curavit.
1065 2117 1175 2183 ubi
1204 2116 1808 2201 appropinquarunt,
1856 2117 2069 2182 omnia
2101 2117 2326 2183 eadem
2357 2117 2568 2183 utrim-
2641 2137 2672 2185 5

186 2226 326 2288 que,
377 2224 541 2287 quae
586 2203 836 2268 fuerant
878 2204 946 2267 in
990 2204 1194 2288 priore
1239 2205 1495 2288 proeli0,
1544 2211 1721 2268 erant
1751 2210 2000 2287 praeter
2045 2204 2292 2269 animos
2338 2212 2399 2268 et
2446 2204 2569 2268 vic-

183 2292 425 2358 toribus
469 2292 550 2355 ab
600 2310 669 2354 re
716 2290 996 2355 secunda
1039 2296 1259 2355 auctos
1304 2296 1368 2355 et
1412 2290 1699 2356 hostibus
1745 2289 1997 2370 fractos,
2047 2292 2215 2372 quia,
2274 2291 2393 2355 etsi
2439 2311 2565 2354 non
2641 2313 2670 2359 6

91 2395 148 2443 25
183 2379 305 2464 ipsi
350 2377 502 2442 victi
547 2382 746 2457 erant,
795 2396 947 2440 suae
990 2377 1201 2460 gentis
1246 2376 1570 2441 hominum
1617 2376 1862 2442 cladem
1909 2397 2021 2461 pro
2068 2397 2182 2442 sua
2227 2376 2565 2441 ducebant.

181 2466 399 2547 itaque
445 2484 485 2527 a
528 2464 784 2546 paribus
830 2462 1025 2527 initiis
1060 2469 1281 2545 coepta
1324 2482 1427 2526 res
1472 2462 1744 2527 eundem
1791 2463 2032 2528 exitum
2076 2462 2316 2528 habuit.
2394 2463 2568 2528 velut
2642 2486 2670 2533 7

184 2553 389 2617 nubes
431 2550 667 2615 levium
713 2550 978 2614 telorum
1024 2548 1309 2613 coniecta
1353 2548 1560 2613 obruit
1605 2548 1808 2615 aciem
1854 2550 2193 2615 Gallorum.
2286 2570 2406 2619 nec
2457 2557 2569 2614 aut

185 2658 548 2723 procurrere
613 2636 945 2718 quisquam
1012 2636 1092 2699 ab
1162 2635 1488 2700 ordinibus
1553 2635 1701 2716 suis,
1770 2656 1852 2700 ne
1911 2636 2228 2702 nudarent
2287 2636 2569 2718 undique

188 2744 412 2808 corpus
455 2722 539 2788 ad
583 2723 763 2803 ictus,
811 2722 1152 2802 audebant,
1201 2729 1265 2786 et
1310 2729 1571 2803 stantes,
1636 2742 1766 2804 quo
1805 2722 2128 2789 densiores
2188 2730 2386 2804 erant,
2449 2723 2570 2788 hoc

93 2828 151 2875 30
188 2813 388 2897 plura,
434 2810 609 2875 velut
655 2809 1038 2874 destinatum
1070 2809 1467 2893 petentibuS,
1516 2810 1778 2874 vulnera
1837 2810 2255 2894 accipiebant.
2351 2811 2571 2876 consul
2642 2833 2673 2880 8

185 2900 313 2963 iam
360 2918 475 2982 per
519 2916 587 2960 se
633 2896 900 2961 turbatis
947 2896 1000 2961 si
1033 2895 1366 2979 'legionum
1426 2896 1611 2981 signa
1655 2896 2054 2979 ostendisset,
2111 2917 2404 2963 versuros
2464 2917 2571 2961 ex-

396 3092 441 3144 1.
480 3087 669 3141 audito
705 3089 819 3142 cod.
854 3090 1103 3157 plerique
1149 3087 1229 3155 (B,
1268 3089 1403 3142 Lov.
1438 3092 1491 3156 2,
1527 3089 1697 3155 Voss.)
1733 3095 1782 3141 et
1827 3090 1906 3142 ed.
1946 3091 2233 3157 antiquiss.
2243 3109 2261 3150 ,·
2308 3087 2571 3140 exaudito

178 3178 350 3246 pauci
396 3176 510 3232 cod.
549 3193 666 3242 rec„
711 3176 908 3229 Aldus.
941 3178 950 3239 1
982 3179 1030 3229 7.
1076 3173 1286 3242 perfide
1340 3176 1508 3242 Voss,
1555 3176 1690 3230 Lov.
1733 3180 1783 3243 3,
1838 3177 1916 3230 Η.
1953 3176 2195 3243 Grotius,
2249 3178 2318 3229 A.
2355 3176 2571 3230 Perizo-

185 3267 329 3319 nius.
362 3266 369 3325 Ι
402 3266 451 3318 8.
499 3261 701 3329 eloquii
746 3261 807 3313 B.
842 3263 849 3328 Ι
881 3265 929 3316 9.
967 3261 1048 3315 ira
1099 3263 1278 3316 Galen.
1315 3261 1475 3329 (M?):‚
1521 3280 1622 3317 om.
1653 3264 1743 3315 rel.
1772 3263 1884 3317 cod.
1913 3263 2000 3329 (B)
2037 3269 2085 3316 et
2120 3263 2200 3316 ed.
2231 3267 2356 3315 ante
2391 3263 2570 3315 Basil.

184 3355 337 3405 1535.
372 3350 381 3421 Ι
417 3353 496 3405 11.
535 3349 832 3417 assumpsit
866 3348 927 3402 B.
962 3350 969 3414 1
1004 3352 1084 3403 15.
1124 3348 1171 3401 &
1206 3348 1355 3416 trogi
1390 3349 1453 3402 B.
1487 3349 1496 3414 Ι
1531 3351 1611 3404 16.
1646 3348 1790 3401 inter
1832 3349 2092 3417 aequales
2127 3348 2173 3401 B
2219 3355 2267 3403 et
2311 3350 2572 3416 complur.

186 3440 301 3494 cod.
334 3455 436 3492 rec.
469 3438 477 3502 Ι
512 3438 591 3491 18.
638 3436 957 3489 locaverant
1000 3437 1232 3505 Madvig)
1278 3437 1403 3489 Em.
1437 3436 1507 3489 L.
1534 3453 1594 3504 p.
1630 3438 1756 3496 5463·
1801 3434 2125 3488 locauerunt
2168 3436 2282 3489 cod.
2316 3435 2324 3503 Ι
2356 3434 2574 3488 ariartis

186 3524 248 3578 B.
281 3526 290 3590 Ι
321 3522 631 3591 capadoces
678 3523 739 3591 B,
786 3521 1127 3590 Cappadocis
1177 3523 1407 3591 Madvig]
1446 3524 1480 3576 l.
1510 3523 1541 3576 l.
1575 3524 1582 3587 1
1622 3525 1697 3577 19.
1745 3521 1914 3574 Morzi
1959 3522 2029 3590 B3
2075 3522 2245 3575 morci
2289 3524 2368 3577 vel
2414 3521 2574 3574 morti

188 3611 302 3666 cod.
345 3628 464 3677 rec„
519 3608 708 3661 Morzii
753 3610 1141 3664 Drakenborch
1195 3610 1256 3663 in
1301 3609 1428 3662 adn.
1472 3610 1479 3674 Ι
1529 3610 1613 3663 22.
1659 3624 1829 3676 appro
1853 3606 1858 3677 Ι
1882 3607 2239 3677 (pinquarunt
2282 3610 2405 3676 om.)
2450 3609 2511 3662 B.
2564 3607 2569 3676 l

188 3698 270 3751 24.
306 3696 515 3750 fractos
552 3714 655 3751 om.
679 3695 725 3747 B
763 3703 811 3750 et
853 3698 1112 3764 complur.
1140 3696 1254 3750 cod.
1287 3712 1386 3749 rec.
1421 3696 1428 3761 Ι
1459 3698 1544 3750 28.
1582 3694 1816 3747 nudaret
1850 3695 1912 3759 B,
1947 3700 1984 3749 2
2020 3697 2133 3750 cod.
2160 3713 2259 3750 rec.
2286 3696 2491 3762 (Voss.)
2526 3701 2576 3748 et

187 3784 269 3837 ed.
292 3786 543 3855 Moywnt.
580 3785 586 3850 Ι
616 3785 700 3837 29.
737 3781 983 3837 audebat
1016 3788 1053 3837 2
1088 3783 1204 3838 cod.
1238 3800 1339 3838 rec.
1374 3784 1578 3849 (Voss)
1615 3789 1664 3837 et
1698 3783 1951 3851 Moqunt.
1984 3785 1991 3848 Ι
