2925 4278
443 176 565 239 146
903 192 1127 246 LIBER
1165 190 1493 246 xxxvln.
1530 190 1694 246 CAP.
1721 195 1804 247 23.
1831 195 1913 248 24.
1955 191 2028 260 [a.
2056 192 2120 247 U.
2148 208 2192 247 c.
2219 193 2361 262 565}

269 408 272 411 -
370 382 404 428 4
441 369 495 433 si
539 369 607 433 in
652 367 760 432 illo
806 388 1043 451 pavore
1091 388 1280 449 quam
1326 367 1578 451 plurimi
1625 367 1794 432 caesi
1854 368 2061 432 forent
2121 374 2229 432 aut
2290 368 2475 452 capti.
2569 388 2802 452 egresso

363 454 371 461 ’
439 456 695 520 consule
767 455 836 521 G.
889 454 1151 519 Helvius
1213 474 1351 530 cum
1417 453 1603 529 tertio
1655 453 1911 537 agmine
1972 453 2250 535 advenit,
2319 475 2438 519 nec
2505 455 2804 520 continere

439 562 584 607 suos
630 543 711 606 ab
759 540 1113 626 direptione
1160 547 1506 606 castrorum
1566 540 1798 625 valuit3
1859 540 2221 624 praedaque
2284 562 2521 622 eorum,
2566 542 2802 623 iniquis-

437 629 598 694 sima
642 635 826 710 sorte,
877 629 984 712 qui
1031 648 1281 712 pugnae
1336 648 1464 692 non
1520 624 1954 708 interfuerant,
2002 627 2172 692 facta
2217 635 2331 694 est.
2391 629 2668 710 ,equites
2710 627 2806 692 diu

367 731 398 776 5
437 716 641 800 ignari
689 722 751 780 et
797 735 1047 801 pugnae
1094 721 1156 777 et
1202 714 1503 779 victoriae
1566 734 1820 779 suorum
1881 721 2223 797 steterunt3
2285 714 2516 780 deinde
2571 723 2635 781 et
2678 716 2803 799 ipsi,
2834 728 2855 771 ὁ

439 809 741 886 quantum
789 803 968 885 equis
1015 801 1224 866 subire
1270 808 1580 884 poterant,
1629 820 1880 885 sparsos
1925 800 2078 884 fuga
2110 802 2323 867 Gallos
2371 804 2536 867 circa
2578 802 2806 866 radices

370 903 401 950 6
438 890 669 955 montis
739 888 1082 955 consectati
1151 887 1436 953 cecidere
1499 892 1610 951 aut
1668 908 1915 973 cepere.
2002 909 2302 953 numerus
2356 889 2807 954 interfectorum

439 974 611 1041 haud
657 976 844 1042 facile
889 975 1032 1040 iniri
1080 975 1302 1059 potuit,
1351 975 1503 1056 quia
1545 975 1677 1040 late
1723 995 1836 1059 per
1866 995 2083 1040 omnes
2129 975 2472 1040 amfractus
2517 977 2807 1041 montium

373 1077 402 1125 7
440 1063 718 1147 fugaque
765 1071 827 1128 et
873 1061 1101 1129 caedes
1146 1062 1284 1142 fuit,
1333 1067 1397 1125 et
1440 1082 1675 1145 magna
1718 1082 1867 1145 pars
1913 1063 2174 1147 rupibus
2216 1062 2407 1128 inviis
2462 1063 2532 1126 in
2578 1062 2807 1148 profun-

439 1150 561 1215 dae
605 1149 956 1215 altitudinis
1005 1150 1322 1214 convalles
1366 1148 1628 1232 delapsa
1687 1157 1801 1229 est,
1864 1169 2011 1233 pars
2056 1149 2122 1213 in
2168 1150 2343 1214 silvis
2400 1151 2808 1234 vepribusque
2839 1157 2882 1203 1⁰

369 1254 401 1299 s
438 1238 664 1302 occisa.
761 1236 1080 1317 Claudius,
1131 1235 1381 1317 quibis
1412 1241 1765 1318 pugnatum
1811 1236 1877 1300 in
1910 1236 2183 1320 Olympo
2215 1243 2428 1300 monte
2473 1237 2708 1317 scribit,
2737 1234 2809 1299 ad

436 1324 859 1408 quadraginta
903 1324 1076 1387 milia
1121 1322 1444 1387 hominum
1491 1330 1707 1386 auctor
1753 1328 1849 1387 est
1880 1343 2084 1405 caesa,
2120 1323 2409 1387 Valerius
2440 1324 2685 1403 Antias,
2717 1321 2808 1403 qui

437 1412 638 1494 magis
700 1410 1073 1476 immodicus
1135 1409 1200 1473 in
1262 1429 1521 1473 numero
1582 1408 1877 1491 augendo
1938 1430 2078 1475 esse
2125 1410 2303 1485 solet,
2360 1431 2489 1475 non
2539 1412 2679 1495 plus
2720 1408 2809 1473 de-

368 1512 398 1560 9
439 1518 575 1561 cem
621 1499 814 1561 milia.
908 1516 1207 1561 numerus
1269 1496 1665 1580 captivorum
1711 1495 1884 1560 haud
1931 1495 2123 1562 dubie
2184 1497 2357 1561 milia
2404 1495 2809 1580 quadraginta

440 1584 741 1667 explevit,
790 1587 939 1665 quia
983 1583 1188 1649 omnis
1232 1582 1488 1665 generis
1531 1583 1883 1664 aetatisque
1924 1585 2173 1648 turbam
2218 1604 2431 1648 secum
2478 1589 2805 1660 traxerant,
2840 1589 2884 1636 15

340 1686 403 1732 10
443 1670 931 1751 demigrantium
976 1670 1182 1752 magis
1228 1689 1416 1750 quam
1461 1669 1531 1734 in
1576 1670 1810 1735 bellum
1857 1671 2141 1734 euntium
2186 1669 2390 1735 mod0.
2470 1671 2689 1736 consul
2728 1689 2807 1733 ar-

441 1756 559 1820 mis
619 1756 892 1821 hostium
947 1755 1016 1819 in
1059 1776 1184 1820 uno
1234 1755 1648 1820 concrematis
1694 1758 1941 1821 cumulo
2003 1763 2274 1821 ceteram
2336 1757 2645 1840 praedam
2687 1776 2807 1822 con·

439 1842 605 1906 ferre
652 1863 871 1907 omnes
915 1842 1115 1924 iussit,
1163 1848 1227 1907 et
1269 1848 1380 1906 aut
1423 1841 1731 1923 vendidit,
1779 1842 1947 1925 quod
2002 1844 2138 1907 eius
2191 1844 2257 1907 in
2302 1844 2627 1928 publicum
2672 1841 2807 1907 redi·

438 1929 719 2012 gendum
767 1937 921 2010 erat,
968 1935 1080 1993 aut
1125 1948 1267 1993 cum
1315 1948 1483 2010 cura,
1531 1936 1602 1994 ut
1650 1950 1838 2012 quam
1883 1930 2267 2011 aequissima
2315 1937 2504 2011 esset,
2565 1951 2675 2015 per
2717 1928 2808 1992 mi-

339 2033 398 2079 11
438 2017 580 2082 lites
626 2015 860 2080 divisit.
954 2014 1194 2080 laudati
1242 2036 1489 2097 quoque
1534 2037 1647 2100 pro
1679 2017 1972 2081 contione
2002 2037 2221 2082 omnes
2268 2025 2433 2097 sunt,
2484 2017 2807 2097 donatique
2839 2023 2884 2069 2ss

441 2124 553 2189 pro
614 2103 836 2170 merito
891 2102 1175 2186 quisque,
1237 2110 1386 2168 ante
1441 2123 1661 2169 omnes
1721 2104 1971 2170 Attalus
2032 2124 2275 2169 summo
2331 2111 2678 2172 ceterorum
2725 2121 2809 2166 as-

443 2211 660 2276 sensu;
719 2212 868 2255 nam
929 2191 1266 2273 singularis
1323 2192 1457 2256 eius
1517 2192 1766 2256 iuvenis
1831 2212 1971 2256 cum
2032 2192 2232 2255 virtus
2289 2200 2350 2256 et
2403 2192 2715 2258 industria
2752 2189 2808 2253 in

443 2279 735 2344 omnibus
779 2278 1100 2343 laboribus
1144 2278 1584 2360 periculisque,
1631 2283 1764 2342 tum
1810 2277 2122 2343 modestia
2166 2279 2359 2343 etiam
2405 2277 2631 2343 fuerat.

269 2394 274 2399 ·
378 2390 404 2436 1
650 2366 886 2430 XXIV.
937 2366 1276 2447 Supererat
1321 2366 1557 2429 bellum
1600 2365 1916 2449 integrum
1965 2385 2106 2429 cum
2151 2365 2541 2448 Tectosagis.
2591 2363 2675 2429 ad
2717 2381 2809 2428 eos

442 2452 760 2535 profectus
815 2453 1031 2518 consul
1084 2451 1284 2516 tertiis
1340 2451 1561 2516 castris
1616 2452 1960 2534 Ancyram,
2029 2452 2306 2518 nobilem
2366 2453 2433 2516 in
2492 2453 2618 2517 illis
2675 2448 2809 2515 locis
2837 2454 2882 2502 ‘25

441 2540 683 2619 urbem,
732 2538 1040 2622 pervenit,
1105 2536 1276 2602 unde
1336 2538 1551 2603 hostes
1606 2539 1794 2621 paulo
1846 2540 1989 2622 plus
2044 2536 2267 2603 decem
2323 2538 2498 2602 milia
2543 2541 2807 2604 aberant.

374 2648 404 2694 2
444 2625 555 2689 ubi
601 2646 742 2689 cum
802 2625 1034 2690 stativa
1096 2631 1326 2705 essent,
1389 2624 1639 2689 facinus
1705 2625 2112 2690 memorabile
2172 2645 2213 2688 a
2269 2625 2525 2708 captiva
2592 2624 2811 2688 factum

445 2718 557 2776 est.
651 2711 1059 2794 Orgiagontis
1119 2711 1319 2794 reguli
1365 2732 1525 2776 uxor
1580 2710 1783 2775 forma
1838 2712 2076 2776 eximia
2134 2711 2610 2776 custodiebatur
2665 2710 2812 2773 inter

444 2799 654 2880 plures
700 2799 1016 2882 captivos3
1089 2798 1188 2862 cui
1244 2797 1569 2862 custodiae
1626 2798 1908 2863 centurio
1965 2804 2257 2882 praeerat
2311 2805 2374 2863 et
2428 2797 2708 2864 libidinis
2757 2799 2811 2857 et

375 2908 406 2955 3
443 2883 749 2949 avaritiae
796 2884 1100 2949 militaris.
1193 2884 1249 2949 is
1293 2885 1496 2968 primo
1541 2884 1823 2949 animum
1868 2885 2238 2969 temptavit3
2303 2905 2491 2967 quem
2539 2905 2680 2948 cum
2720 2881 2810 2945 ab·
2840 2883 2880 2932 3(

650 3079 698 3129 2.
736 3088 806 3127 ne
843 3074 1124 3127 continere
1160 3074 1220 3127 B.
1255 3078 1262 3139 Ι
1293 3077 1343 3128 4.
1370 3072 1520 3127 facta
1556 3077 1643 3126 est
1678 3093 1778 3129 om.
1807 3075 1866 3127 B.
1900 3076 1910 3140 1
1942 3077 1988 3129 6.
2015 3079 2283 3142 quantum
2313 3074 2469 3142 equis
2492 3074 2548 3127 M
2560 3095 2575 3143 ς
2611 3071 2811 3141 quidem

442 3163 554 3230 (B1,
575 3160 780 3227 dez.B²‚
807 3180 907 3217 om.
929 3162 1042 3216 eod.
1063 3161 1186 3226 rec.)
1213 3164 1481 3227 quantum
1506 3160 1630 3229 equi
1667 3160 1724 3213 in
1761 3159 1931 3214 colles
1953 3161 1999 3213 B
2035 3168 2084 3215 et
2119 3163 2233 3216 cod.
2259 3179 2360 3216 ree.
2393 3164 2402 3227 Ι
2435 3164 2484 3217 8.
2512 3174 2611 3228 per
2643 3169 2811 3213 omnes

442 3247 737 3303 amfractus
772 3249 842 3316 M,
880 3249 1016 3303 Lov.
1041 3253 1099 3315 33
1137 3247 1376 3301 romanis
1413 3246 1696 3302 anfractus
1721 3248 1783 3316 B,
1808 3247 1951 3301 inter
1987 3263 2176 3301 omnes
2211 3237 2493 3301 anfractus
2517 3249 2632 3302 eod.
2657 3263 2749 3300 rec.
2772 3246 2810 3294 et

415 3337 521 3388 ed.
547 3342 643 3389 vet.
678 3337 686 3401 Ι
721 3338 801 3390 10.
844 3334 1020 3388 ualles
1058 3335 1117 3388 Β.
1152 3337 1159 3400 Ι
1195 3337 1274 3389 13.
1313 3334 1493 3402 magis
1539 3336 1654 3390 cod.
1682 3341 1731 3388 et
1766 3336 1846 3389 ed.
1870 3342 1967 3389 vet.
1979 3355 1997 3401 ,·
2039 3334 2096 3387 in
2142 3334 2265 3388 aliis
2310 3337 2447 3390 coni.
2481 3334 2656 3401 Cobet,
2693 3329 2809 3384 alias

444 3421 621 3488 magis
658 3424 739 3475 M.
767 3424 999 3477 Mueller
1025 3425 1207 3491 praef.
1234 3438 1294 3490 p.
1329 3423 1472 3476 XII.
1507 3424 1514 3486 Ι
1545 3420 1868 3475 immodicus
1904 3422 1984 3489 M3
2031 3440 2131 3477 om.
2156 3424 2248 3476 rel.
2275 3423 2388 3478 cod.
2415 3422 2501 3488 (Β)
2534 3428 2585 3475 et
2608 3421 2811 3475 edam

444 3509 695 3576 Moywnt.
738 3509 744 3576 ι
795 3512 875 3563 14.
922 3507 1291 3576 quadraginta
1354 3527 1455 3562 om.
1492 3508 1553 3561 B.
1596 3511 1603 3572 ι
1648 3510 1729 3562 17.
1778 3508 1834 3560 in
1890 3509 1990 3562 dez.
2026 3510 2258 3578 Madvig]
2303 3510 2426 3563 Em.
2461 3510 2529 3563 L.
2564 3525 2624 3576 p.
2660 3506 2766 3559 545.
2801 3499 2807 3565 Ι

447 3596 528 3649 18.
574 3594 750 3645 omnis
796 3596 856 3647 B.
890 3596 899 3661 Ι
942 3598 1021 3650 19.
1069 3608 1166 3661 per
1219 3595 1334 3649 eod.
1369 3601 1418 3648 et
1461 3596 1541 3648 ed.
1577 3601 1708 3658 vet.,·
1753 3593 1896 3646 inter
1941 3597 2080 3650 coni.
2114 3596 2502 3650 Drakenborch
2541 3596 2606 3647 in
2648 3586 2807 3652 adn!

446 3682 528 3735 22.
574 3679 790 3732 iuvenis
835 3680 905 3747 M,
951 3683 1158 3744 Aldus;
1203 3680 1350 3734 uires
1396 3681 1458 3749 B,
1504 3680 1611 3734 uiri
1655 3683 1769 3737 eod.
1805 3700 1906 3737 rec.
1932 3689 1983 3736 et
2014 3683 2094 3736 ed.
2116 3683 2290 3751 prior.
2325 3683 2332 3749 1
2364 3684 2446 3737 25.
2482 3678 2619 3733 locis
2653 3678 2706 3730 in
2739 3689 2809 3727 ur·

444 3766 571 3819 bem
608 3767 653 3820 B
688 3767 786 3833 (an
827 3766 964 3820 locis
1009 3771 1124 3820 tum
1168 3768 1282 3837 [tii]
1322 3768 1590 3834 urbemP).
1625 3773 1633 3834 1
1665 3772 1749 3825 28.
1787 3770 2153 3840 orgyagontis
2188 3770 2250 3824 B.
2284 3773 2293 3836 Ι
2323 3772 2406 3824 29.
2442 3766 2688 3835 captivos
2721 3778 2807 3819 om.

446 3854 506 3922 B,
544 3852 794 3921 captiuas
829 3858 867 3909 2
901 3855 1015 3909 cod.
1040 3872 1139 3909 rec.
1174 3857 1183 3920 Ι
1214 3858 1298 3910 30.
1333 3856 1510 3923 primo
1548 3856 1667 3909 eius
1703 3856 1945 3910 animum
1981 3859 2177 3913 Aldus.
2210 3858 2219 3926 Ι
