2925 4278
387 141 510 204 162
844 158 1070 211 LIBER
1106 158 1438 213 XXXVIII.
1479 157 1643 213 CAP.
1672 163 1755 215 38.
1779 161 1863 214 39.
1905 160 1976 228 [a.
2003 161 2068 215 U.
2095 176 2140 214 c.
2167 162 2310 230 566}

277 354 338 400 17
379 333 587 416 cipiat.
666 333 1126 398 controversias
1169 333 1334 399 inter
1380 353 1448 398 se
1495 334 1628 398 iure
1675 354 1751 397 ac
1794 333 2024 406 iudicio
2071 334 2487 419 disceptantO,
2533 342 2671 416 aut,
2726 335 2788 400 si

282 440 344 488 18
382 419 662 501 utrisque
709 419 1003 502 placebit,
1050 418 1277 484 bello.“
1349 419 1429 485 de
1475 420 1837 485 Hannibale
1883 422 2096 487 Poeno
2137 428 2200 486 et
2229 423 2451 487 Aetolo
2481 421 2785 487 Thoante

382 513 444 570 et
497 505 885 570 Mnasilocho
939 506 1275 571 Acarnane
1331 513 1393 571 et
1439 505 1966 572 Chalcidensibus
2019 508 2336 575 Eubulida
2390 515 2453 573 et
2505 508 2784 574 Philone

381 591 690 657 dedendis
743 593 809 657 in
863 592 983 658 hoc
1039 613 1287 675 quoque
1340 593 1598 657 foedere
1651 593 2039 677 adscriptum
2095 602 2217 680 est3
2277 600 2340 659 et
2381 602 2470 676 ut,
2518 595 2572 659 si
2620 595 2784 677 quid

378 687 599 763 postea
637 679 787 743 addi
827 678 996 743 demi
1037 680 1348 744 mutarive
1391 681 1755 764 placuisset,
1802 687 1872 744 ut
1917 681 1985 745 id
2029 682 2203 746 salvo
2260 681 2515 746 foedere
2568 681 2778 748 fieret.
2850 695 2877 740 5

311 788 336 834 1
376 766 681 830 XXXIX.
742 766 972 832 Consul
1032 767 1096 830 in
1156 766 1277 831 hoc
1329 765 1554 831 foedus
1597 767 1861 852 iuravit3
1923 769 2003 832 ab
2059 788 2210 852 rege
2272 769 2377 850 qui
2438 768 2783 852 exigerent

379 851 832 933 iusiurandum,
888 852 1152 936 profecti
1208 852 1281 929 Q.
1339 854 1652 919 Minucius
1705 853 2016 919 Thermus
2071 861 2135 918 et
2187 856 2257 919 L.
2313 855 2606 936 Manlius,
2668 856 2779 938 qui

311 962 341 1008 2
380 946 512 1003 tum
567 940 726 1004 forte
779 941 860 1005 ab
918 939 1230 1006 Oroandis
1280 939 1486 1005 rediit.
1580 946 1644 1005 et
1690 939 1763 1016 Q.
1810 941 2012 1005 Fabio
2057 942 2360 1022 Labeoni,
2417 941 2525 1023 qui
2582 943 2773 1007 classi

383 1032 696 1109 praeerat,
743 1026 1010 1109 scripsit,
1058 1033 1128 1091 ut
1156 1028 1387 1091 Patara
1420 1027 1740 1110 extemplo
1785 1027 2301 1111 proficisceretur,
2349 1048 2641 1110 quaeque
2688 1029 2775 1093 ibi

309 1137 339 1182 3
380 1133 579 1177 naves
618 1112 832 1196 regiae
865 1120 1096 1193 essent,
1131 1112 1499 1179 concideret
1539 1121 1988 1196 cremaretque.
2050 1114 2369 1199 profectus
2400 1115 2481 1179 ab
2514 1115 2777 1198 Epheso
2816 1127 2876 1173 10

380 1199 839 1283 quinquaginta
883 1205 1085 1265 tectas
1129 1221 1329 1266 naves
1373 1206 1485 1264 aut
1532 1199 1805 1265 concidit
1850 1207 1960 1265 aut
1999 1200 2296 1265 incendit.
2373 1202 2780 1267 Telmessum

377 1285 599 1350 eadem
658 1285 1064 1369 expeditione
1118 1287 1349 1352 territis
1411 1287 1619 1353 subito
1673 1286 1954 1352 adventu
2017 1289 2235 1352 classis
2289 1284 2628 1372 oppidanis
2682 1309 2778 1354 re·

306 1396 339 1443 4
379 1373 548 1457 cipit.
642 1393 725 1437 ex
771 1374 972 1456 Lycia
1016 1375 1320 1457 protinus,
1367 1374 1554 1439 iussis
1600 1374 1681 1438 ab
1727 1373 1980 1457 Epheso
2027 1375 2224 1457 sequi,
2281 1376 2389 1456 qui
2435 1375 2524 1440 ibi
2567 1376 2778 1440 relicti

380 1466 576 1541 erant,
625 1480 737 1543 per
781 1461 1019 1525 insulas
1064 1461 1130 1524 in
1177 1460 1508 1525 Graeciam
1553 1461 1817 1525 traiecit.
1896 1461 2166 1526 Athenis
2210 1481 2445 1545 paucos
2491 1469 2779 1527 moratus

378 1545 532 1628 dies,
582 1545 732 1611 dum
778 1548 1072 1611 Piraeum
1126 1547 1206 1611 ab
1246 1547 1499 1632 Epheso
1553 1562 1752 1612 naves
1798 1547 2108 1629 venirent,
2156 1554 2352 1612 totam
2407 1546 2558 1612 inde
2617 1549 2775 1613 clas·
2818 1560 2877 1607 15

380 1653 512 1697 sem
557 1633 624 1697 in
671 1634 919 1697 Italiam
963 1633 1235 1698 reduxit.

309 1745 339 1791 5
587 1720 700 1785 Cn.
735 1721 1008 1785 Manlius
1055 1741 1195 1784 cum
1236 1721 1398 1784 inter
1439 1727 1667 1801 cetera,
1716 1740 1879 1801 quae
1916 1720 2291 1804 accipienda
2329 1721 2411 1785 ab
2451 1721 2774 1787 Antiocho

379 1811 576 1886 erant,
625 1805 996 1889 elephantos
1043 1827 1291 1889 quoque
1337 1807 1689 1890 accepisset
1732 1807 2022 1889 donoque
2070 1808 2336 1872 Eumeni
2391 1827 2614 1872 omnes
2669 1808 2774 1874 de-

379 1891 594 1973 disset,
644 1913 868 1957 causas
914 1892 1144 1957 deinde
1190 1892 1558 1974 civitatium,
1615 1894 1827 1959 multis
1872 1894 2035 1958 inter
2080 1915 2280 1958 novas
2331 1914 2432 1958 res
2477 1895 2772 1977 turbatis,

310 2005 341 2051 6
373 1980 691 2061 cognovit.
786 1985 849 2044 et
903 1979 1271 2044 Ariarathes
1324 1999 1438 2043 rex
1495 1987 1673 2063 parte
1729 1979 1992 2044 dimidia
2049 1981 2359 2065 pecuniae
2419 1980 2772 2064 imperatae
2806 1995 2871 2040 20

378 2066 685 2131 beneficio
731 2066 1052 2148 Eumenis,
1112 2066 1211 2131 eui
1258 2065 1683 2151 desponderat
1735 2088 1848 2152 per
1903 2087 2009 2132 eos
2055 2067 2191 2154 dies
2244 2067 2459 2148 filiam,
2505 2068 2770 2133 remissa

309 2179 338 2225 7
376 2154 443 2216 in
489 2154 833 2218 amicitiam
880 2161 976 2219 est
1020 2160 1335 2237 acceptus.
1430 2154 1779 2218 civitatium
1830 2161 2043 2219 autem
2098 2155 2366 2238 cognitis
2414 2154 2623 2220 causis
2670 2155 2772 2221 de-

378 2260 514 2304 cem
561 2241 755 2325 legati
800 2241 992 2305 aliam
1038 2241 1301 2305 aliarum
1347 2239 1635 2305 fecerunt
1681 2241 2132 2306 condicionem.
2212 2262 2374 2323 quae
2431 2242 2774 2325 stipendia-

377 2327 507 2391 riae
551 2328 689 2410 regi
736 2327 1048 2392 Antiocho
1095 2328 1347 2391 fuerant
1394 2334 1457 2391 et
1498 2348 1637 2392 curn
1684 2329 1914 2412 populo
1961 2330 2245 2392 Romano
2293 2335 2645 2409 senserant,
2695 2329 2773 2394 iis

308 2439 339 2486 8
376 2413 834 2479 immunitatem
889 2413 1228 2498 dederunt3
1293 2435 1454 2496 quae
1516 2415 1789 2498 partium
1842 2413 2139 2479 Antiochi
2194 2414 2446 2479 fuerant
2501 2421 2611 2479 aut
2667 2417 2772 2480 sti·
2811 2430 2873 2477 25

375 2500 742 2584 pendiariae
787 2501 983 2565 Attali
1029 2501 1217 2584 regiS,
1275 2521 1383 2565 eas
1430 2521 1649 2565 omnes
1694 2501 1968 2585 vectigal
2014 2499 2293 2584 pendere
2336 2502 2605 2565 Eumeni
2651 2502 2772 2568 ius-

376 2593 607 2653 serunt.
686 2588 1058 2651 nominatim
1105 2593 1434 2671 praeterea
1481 2587 1905 2670 Colophoniis,
1956 2587 2060 2668 qui
2107 2588 2173 2651 in
2220 2589 2412 2652 Notio
2457 2587 2770 2671 habitant,

308 2700 338 2746 9
376 2679 439 2737 et
490 2674 788 2756 Cymaeis
835 2680 899 2738 et
932 2675 1278 2757 Mylasenis
1324 2674 1786 2738 immunitatem
1833 2681 2300 2759 concesserunt;
2352 2675 2772 2742 Clazomeniis

378 2780 565 2843 super
625 2760 1088 2825 immunitatem
1150 2767 1213 2825 et
1271 2761 1691 2843 Drymussam
1751 2761 2022 2825 insulam
2084 2760 2252 2826 dono
2312 2760 2646 2842 dederunt,
2709 2769 2772 2827 et

586 2954 630 3006 1.
669 2950 1014 3018 disceptanto
1053 2953 1098 3004 I.
1128 2952 1196 3005 F.
1227 2950 1536 3007 Gronovius
1547 2971 1566 3014 ;
1611 2950 1971 3019 disceptando
2016 2953 2151 3007 Lov.
2175 2956 2212 3006 2
2246 2959 2295 3006 et
2330 2954 2515 3020 Harl,
2562 2952 2772 3021 discep-

375 3037 543 3090 tanda
591 3043 625 3091 3
676 3039 789 3093 eod.
829 3055 956 3104 rec„
1004 3036 1315 3105 disceptent
1360 3040 1475 3093 eod.
1505 3040 1752 3107 plerique
1799 3038 1887 3105 (B)
1932 3045 1981 3092 et
2025 3040 2104 3092 ed.
2138 3045 2232 3092 vet.
2276 3038 2284 3105 Ι
2333 3041 2381 3093 3.
2431 3038 2772 3093 Mnasilocho

375 3126 764 3180 Drakenborch
789 3122 1284 3193 (milunasymacho
1322 3123 1631 3177 acharnane
1657 3124 1706 3176 8ι
1740 3123 2186 3178 calchidensibus
2224 3124 2485 3193 eupulida
2523 3125 2570 3178 8ι
2596 3126 2772 3193 philo-

374 3209 555 3277 phone
591 3210 672 3277 B).
711 3211 718 3277 Ι
748 3213 799 3265 4.
837 3209 1162 3277 asscriptum
1200 3210 1261 3263 B.
1295 3212 1303 3276 1
1336 3213 1383 3265 6.
1423 3210 1672 3277 exigeret
1705 3210 1767 3267 B.
1802 3214 1808 3276 Ι
1842 3214 1889 3266 8.
1915 3209 1988 3264 ab
2026 3210 2247 3264 orandis
2271 3211 2332 3265 B.
2366 3213 2375 3277 Ι
2407 3216 2454 3267 9.
2481 3216 2775 3279 praeerant

376 3298 438 3352 B.
481 3300 489 3365 Ι
524 3301 607 3353 12.
632 3296 829 3366 recipit
853 3299 967 3352 eod.
984 3299 1233 3366 plerique
1255 3297 1371 3365 (B),
1407 3297 1617 3364 recepit
1637 3300 1884 3352 nonnull.
1913 3299 2025 3353 eod.
2051 3316 2152 3353 ree.
2174 3299 2330 3363 (Lov.
2354 3301 2413 3366 2)
2450 3306 2498 3353 et
2533 3300 2615 3353 ed.
2642 3299 2765 3368 vet!

378 3388 458 3439 15.
495 3385 710 3453 pireum
750 3385 810 3437 B.
844 3385 852 3450 Ι
889 3388 967 3440 18.
1006 3385 1182 3437 omnis
1223 3384 1285 3438 B.
1320 3389 1326 3442 Ι
1363 3387 1441 3439 19.
1481 3384 1530 3436 Sc
1565 3399 1760 3437 causas
1806 3383 2006 3438 deinde
2055 3384 2118 3437 B.
2152 3387 2160 3450 Ι
2192 3388 2273 3440 21.
2320 3384 2551 3439 remissa
2601 3388 2770 3450 „anti-

378 3473 536 3540 quior
575 3473 762 3527 leeti0“
810 3472 989 3525 Geleu.
1028 3470 1183 3538 (M?)3
1222 3470 1462 3524 demissa
1498 3473 1634 3527 Lov.
1660 3476 1710 3537 1,
1748 3470 1986 3524 demissa
2021 3470 2083 3539 B,
2122 3470 2347 3524 dimissa
2384 3474 2497 3527 eocl.
2524 3475 2770 3543 plerique

377 3564 425 3611 et
461 3559 540 3612 ed.
571 3561 857 3627 antiquiss.
893 3561 899 3622 ι
932 3560 1015 3612 24.
1060 3556 1147 3610 his
1194 3558 1256 3611 B.
1290 3559 1412 3625 127.
1461 3556 1782 3624 0010ph0nis
1819 3539 1856 3625 <i
1893 3557 1954 3609 B.
1990 3559 1996 3614 ι
2029 3557 2195 3611 Notio
2242 3560 2320 3613 ed.
2357 3560 2532 3614 Basa.
2559 3566 2609 3614 et
2642 3578 2771 3630 seq„-

376 3642 584 3711 notpho
631 3645 692 3712 B,
739 3645 912 3698 notho
958 3646 1113 3709 (noto
1158 3645 1296 3700 Lov.
1327 3647 1383 3711 2)
1431 3646 1548 3700 cod.
1574 3646 1823 3713 plerique
1867 3651 1914 3699 et
1960 3646 2038 3698 ed.
2070 3646 2244 3713 prior.
2288 3647 2296 3711 Ι
2338 3648 2420 3701 28.
2467 3644 2770 3714 Mylasenis

375 3732 422 3783 I.
449 3732 518 3784 F.
548 3730 862 3786 Gronovius
871 3752 889 3793 ‚·
936 3730 1214 3784 milesenis
1252 3730 1314 3783 B.
1348 3732 1356 3796 1
1389 3733 1472 3786 29.
1509 3729 1871 3798 Drymussam
1918 3733 2175 3794 Ursinus-‚-
2219 3731 2553 3800 Drymusam
2596 3737 2770 3796 „anti-

376 3817 534 3885 quior
572 3817 759 3872 leeti0“
790 3818 970 3872 Geleu.
1010 3816 1086 3884 (M
1097 3816 1160 3885 ‘?),
1192 3816 1508 3886 dromysam
1532 3816 1598 3882 B,
1622 3816 1948 3870 dromissam
1985 3820 2099 3874 eocl.
2124 3836 2223 3875 rec.
2252 3826 2300 3874 et
2335 3820 2414 3873 ed.
2442 3821 2728 3888 antiquiss.
2759 3819 2765 3889 Ι
