2925 4278
125 1134 187 1182 10

125 1568 188 1616 15

121 2002 190 2049 20

125 2435 195 2483 25

700 158 925 215 LIBER
963 158 1261 213 xxxvn.
1301 156 1467 212 CAP.
1496 162 1579 215 58.
1607 161 1689 213 59.
1730 158 1803 226 [a.
1830 158 1896 213 U.
1923 174 1968 213 0.
1997 160 2136 227 5641.
2470 126 2616 205 '117

229 340 354 416 est;
403 332 614 413 tertio,
677 352 819 397 cum
882 331 963 397 de
1023 332 1331 416 petitione
1394 330 1741 398 destitisset
1800 352 1968 413 reuS,
2029 352 2150 397 nec
2208 331 2481 421 populus
2541 330 2621 397 de

227 420 424 485 multa
470 419 842 501 suffragium
886 418 1053 484 ferre
1097 418 1316 498 voluit,
1379 424 1443 482 et
1489 418 1725 483 tribuni
1785 439 1860 483 eo
1904 420 2160 501 negotio
2223 418 2618 484 destiterunt.

226 525 525 573 censores
567 506 641 569 Τ.
677 504 1009 581 Quinctius
1069 504 1467 570 Flamininus
1527 504 1607 567 Μ.
1661 504 1963 571 Claudius
2022 505 2356 570 Marcellus
2410 505 2621 570 creati.
2662 516 2691 563 2

433 593 561 657 Per
626 612 736 657 eos
804 589 942 657 dies
1001 593 1072 657 L.
1114 591 1386 657 Aemilio
1452 591 1729 674 Regillo,
1790 592 1900 674 qui
1962 592 2162 656 classe
2229 591 2621 675 praefectum
2659 605 2690 651 3

227 677 532 745 Antiochi
577 677 748 761 regis
793 676 1134 759 devicerat,
1184 685 1368 743 extra
1412 679 1634 742 urbem
1679 678 1746 742 in
1791 677 1953 743 aede
2000 678 2313 762 Apollinis
2359 698 2498 742 cum
2533 697 2623 743 se-

227 772 419 831 natus
465 764 654 830 datus
701 771 888 844 esset,
935 763 1172 829 auditis
1216 766 1407 829 rebus
1449 764 1651 848 gestis
1696 764 1851 845 eius,
1900 765 2155 846 quantis
2216 785 2358 829 cum
2415 764 2623 829 classi-

225 854 347 917 bus
393 851 671 918 hostium
718 850 1100 932 dimicasset,
1148 857 1302 933 quot
1331 850 1483 915 inde
1514 871 1715 916 naves
1746 849 2151 916 demersisset
2190 857 2300 914 aut
2332 851 2623 933 cepisset,

428 959 465 1004 o
512 957 824 1003 consensu
869 944 1117 1022 patrum
1164 937 1520 1021 triumphus
1566 937 1815 1003 navalis
1860 944 1957 1003 est
2010 936 2319 1002 decretus.
2414 937 2623 1001 trium·
2660 949 2694 997 4

225 1024 454 1110 phavit
498 1024 642 1089 Kal.
675 1024 1056 1089 Februariis.
1152 1023 1218 1088 in
1266 1043 1341 1089 eo
1388 1023 1703 1107 triumpho
1763 1023 2400 1107 undequinquaginta
2460 1044 2626 1090 coro-

227 1132 353 1177 nae
399 1130 631 1176 aureae
675 1111 1020 1176 translatae
1066 1118 1232 1191 sunt,
1278 1110 1553 1194 pecunia
1595 1130 1997 1192 nequaquam
2045 1108 2265 1197 [tanta]
2332 1130 2446 1194 pro
2492 1129 2627 1193 spe-

228 1199 328 1263 cie
395 1197 557 1282 regii
636 1196 972 1280 triumphi,
1048 1195 1402 1262 tetrachma
1466 1196 1681 1262 Attica
1755 1197 2015 1277 triginta
2082 1204 2377 1278 quattuor
2453 1196 2628 1260 milia

226 1284 527 1363 ducenta,
576 1282 916 1367 cistophori
962 1289 1214 1348 centum
1260 1283 1522 1366 triginta
1567 1281 1691 1348 duo
1738 1283 1912 1348 milia
1956 1283 2239 1348 trecenti.
2318 1282 2626 1365 supplica·
2664 1298 2694 1343 5

227 1371 440 1436 tiones
483 1369 719 1438 deinde
764 1368 1020 1433 fuerunt
1066 1389 1148 1434 ex
1196 1376 1454 1434 senatus
1517 1369 1822 1450 consulto,
1884 1368 2054 1451 quod
2098 1370 2169 1434 L.
2205 1369 2515 1434 Aemilius
2561 1369 2628 1433 in

229 1456 548 1540 Hispania
591 1475 889 1540 prospere
935 1476 1068 1521 rem
1114 1456 1435 1539 publicam
1480 1456 1802 1537 gessisset.

440 1541 632 1608 Haud
675 1542 766 1607 ita
809 1542 1003 1607 multo
1049 1548 1192 1626 post
1234 1543 1305 1607 L.
1341 1541 1554 1625 Scipio
1599 1541 1684 1606 ad
1727 1543 1950 1606 urbem
1998 1542 2206 1624 venit;
2255 1542 2363 1624 qui
2409 1561 2490 1607 ne
2531 1561 2627 1606 co·
2666 1556 2696 1603 6

229 1628 521 1715 gnomini
564 1628 778 1694 fratris
822 1626 1095 1709 cederet,
1144 1628 1494 1693 Asiaticum
1542 1648 1611 1693 se
1656 1628 1961 1712 appellari
2006 1628 2220 1694 voluit.
2315 1635 2378 1693 et
2424 1628 2488 1693 in
2538 1647 2627 1693 se·
2666 1643 2696 1690 7

232 1722 389 1781 natu
435 1721 499 1781 et
542 1716 608 1780 in
654 1715 946 1781 contione
1006 1714 1088 1779 de
1150 1715 1339 1779 rebus
1393 1714 1475 1778 ab
1525 1734 1594 1779 se
1638 1715 1838 1798 gestis
1880 1714 2194 1780 disseruit.
2289 1722 2469 1779 erant
2516 1715 2621 1797 qui

231 1803 409 1867 fama
452 1800 520 1867 id
565 1802 770 1867 maius
813 1801 1049 1867 bellum
1096 1821 1285 1883 quam
1332 1799 1707 1866 difficultate
1752 1802 1842 1866 rei
1890 1800 2084 1866 fuisse
2148 1802 2630 1886 interpretaren-

230 1896 366 1954 tur:
414 1908 543 1954 uno
587 1888 978 1954 memorabili
1007 1888 1245 1971 proelio
1277 1885 1684 1968 debellatum,
1716 1888 2109 1971 gloriamque
2153 1888 2289 1953 eius
2327 1888 2629 1953 victoriae

233 1974 678 2061 praefloratam
737 1973 822 2038 ad
881 1973 1344 2057 Thermopylas
1420 1994 1579 2038 esse.
1687 1979 1966 2039 ceterum
2042 1993 2190 2039 vere
2265 1974 2629 2039 aestimanti
2667 1988 2699 2036 8

235 2062 595 2128 Aetolicum
652 2060 859 2145 magis
918 2059 1001 2125 ad
1069 2058 1535 2144 Thermopylas
1609 2061 1845 2125 bellum
1915 2079 2106 2144 quam
2174 2061 2417 2145 regium
2482 2061 2629 2146 fuit;

236 2156 433 2232 quota
478 2148 647 2213 enim
707 2154 887 2232 parte
949 2148 1178 2212 virium
1240 2167 1496 2212 suarum
1556 2147 1645 2212 ibi
1705 2147 2035 2212 dimicavit
2093 2147 2495 2213 Antiochus?
2564 2149 2629 2212 in

235 2236 393 2302 Asia
453 2235 646 2301 totius
703 2234 897 2300 Asiae
957 2240 1268 2299 steterunt
1324 2233 1495 2299 vires
1565 2234 1647 2299 ab
1710 2233 1946 2298 ultimis
2007 2233 2286 2299 Orientis
2345 2235 2632 2299 terminis

235 2322 521 2389 omnium
564 2321 850 2404 gentium
906 2323 1245 2385 contractis
1304 2321 1577 2384 auxiliis.
1668 2321 1838 2384 LIX.
1888 2319 2110 2384 Merito
2172 2341 2322 2404 ergo
2386 2327 2449 2384 et
2510 2320 2632 2385 diis
2671 2337 2697 2383 1

237 2407 720 2488 immortalibus,
767 2414 1042 2489 quantus
1087 2406 1405 2471 maximus
1449 2411 1717 2490 poterat,
1766 2405 2020 2471 habitus
2066 2412 2164 2471 est
2194 2405 2411 2490 honOS,
2459 2406 2632 2488 quod

446 2689 496 2737 2.
521 2682 699 2736 noluit
721 2682 783 2736 B.
817 2685 824 2749 Ι
856 2686 906 2737 4.
933 2681 1157 2736 eosdem
1194 2681 1316 2735 dies
1346 2683 1595 2736 nonnull.
1624 2682 1738 2736 eod.
1764 2698 1863 2736 ree.
1893 2682 2052 2745 (Lov.
2079 2684 2137 2748 2)
2162 2688 2211 2736 et
2246 2682 2325 2736 ed.
2353 2689 2467 2750 vet„
2503 2685 2631 2752 fort.

231 2777 389 2827 recte.
424 2773 432 2838 Ι
465 2772 512 2824 7.
552 2767 628 2837 qd
661 2768 791 2822 inde
827 2769 887 2822 B.
923 2772 931 2835 Ι
966 2772 1045 2823 10.
1084 2783 1216 2836 aure
1258 2768 1321 2822 B.
1354 2769 1362 2836 Ι
1392 2768 1626 2835 pecunie
1669 2767 1732 2822 B.
1766 2768 1773 2836 Ι
1805 2771 1962 2821 tanta
2008 2769 2107 2823 del.
2136 2771 2181 2823 1.
2210 2769 2276 2823 F.
2310 2768 2639 2837 Gronovius,

243 2858 480 2926 Crevier,
518 2858 587 2925 cf.
617 2857 848 2925 Madviy
885 2856 1009 2910 Em.
1037 2856 1106 2909 L.
1127 2873 1186 2924 p.
1209 2858 1337 2922 537;
1379 2857 1540 2907 tanta
1575 2869 1677 2907 nec
1724 2856 1862 2910 coni.
1895 2856 2135 2924 Seyffert.
2171 2856 2178 2922 Ι
2214 2859 2293 2910 11.
2331 2853 2639 2909 tetrachma

237 2946 484 3012 Bekker,·
526 2947 796 2995 tetracma
832 2942 896 3009 B,
934 2933 1341 2995 tetradracbma
1377 2943 1658 3008 BudaeuS,
1695 2941 1965 2995 tetracina
2011 2944 2125 2998 eod.
2162 2959 2262 2997 ree.
2301 2948 2351 2996 et
2385 2943 2466 2996 ed.
2493 2944 2638 2997 anti-

237 3032 410 3102 quiss.
452 3033 461 3095 Ι
500 3046 823 3082 unm-cc.
869 3028 933 3091 B,
982 3047 1177 3081 xmm
1221 3029 1393 3082 millia
1437 3046 1536 3082 ncc
1581 3031 1661 3084 ed.
1696 3031 1873 3085 Basil.
1912 3034 2065 3084 1535.
2100 3029 2108 3096 Ι
2144 3032 2224 3084 13.
2268 3028 2325 3082 in
2372 3028 2641 3096 Hispania

237 3117 324 3173 ed.
351 3124 448 3172 vet.
459 3136 480 3185 ,·
514 3116 571 3169 in
608 3114 831 3182 graecia
865 3114 1117 3183 hispania
1152 3117 1266 3171 eod.
1294 3133 1393 3171 ree.
1414 3118 1677 3186 plerique,
1712 3116 1768 3169 in
1805 3116 1991 3184 grecia
2026 3115 2088 3169 B.
2122 3118 2130 3181 Ι
2166 3118 2246 3171 14.
2284 3130 2399 3168 rem
2440 3114 2643 3183 gessis-

239 3209 335 3259 set
381 3204 662 3274 Siponius.
696 3204 704 3268 Ι
736 3205 819 3258 20.
848 3201 1255 3270 praefloratam
1297 3202 1380 3271 M3
1429 3201 1698 3257 deflorata
1740 3205 1832 3258 rel.
1869 3204 1982 3258 cod.
2010 3202 2097 3270 (B)
2142 3210 2192 3257 et
2236 3203 2317 3257 ed.
2344 3208 2437 3256 vet.
2473 3204 2481 3268 Ι
2513 3215 2641 3254 vere

243 3308 351 3347 om.
387 3289 451 3344 B.
485 3290 493 3354 Ι
525 3291 609 3344 22.
656 3285 731 3356 qd
776 3288 918 3342 enim
963 3295 1157 3356 partae
1193 3289 1255 3343 B.
1289 3292 1297 3357 Ι
1327 3289 1385 3342 in
1422 3289 1568 3343 Asia
1617 3291 1732 3345 eod.
1769 3296 1817 3344 et
1861 3291 1940 3344 ed.
1976 3295 2101 3356 vet.;
2146 3287 2466 3357 Magnesiae
2503 3289 2640 3344 coni.

254 3378 640 3433 Weissenborn
674 3377 754 3430 ed.
792 3377 992 3430 Teubn.
1020 3393 1081 3444 p.
1108 3376 1281 3430 XXI.
1316 3377 1324 3444 1
1355 3379 1440 3431 23.
1489 3374 1560 3429 ab
1606 3375 1814 3429 ultimis
1860 3374 2094 3429 Orientis
2140 3373 2386 3428 terminis
2428 3375 2644 3444 scripsi,

243 3466 319 3531 ef.
346 3464 496 3518 Berl.
518 3463 658 3532 phil.
681 3464 1052 3519 Woehensehr.
1078 3467 1214 3516 1891
1246 3481 1307 3532 p.
1334 3467 1475 3517 1039
1487 3483 1505 3529 ‚-
1548 3461 1620 3516 ab
1666 3461 1844 3515 ultimi
1879 3460 2164 3530 (ultimis‘?)
2209 3460 2437 3515 orientis
2480 3461 2538 3514 in
2581 3460 2645 3529 B,

245 3548 323 3604 ab
359 3548 570 3603 ultimis
606 3547 836 3602 orientis
875 3550 1117 3612 „sincera
1155 3551 1340 3606 ἰατὴν*
1388 3550 1570 3605 Gelen.
1608 3550 1680 3615 (Μ
1693 3551 1756 3617 Ῥ),
1795 3550 1910 3605 cod.
1936 3567 2037 3604 rec.
2064 3549 2222 3615 (Lov.
2247 3550 2321 3616 2),
2359 3550 2440 3603 ed.
2465 3549 2643 3603 Basil.

247 3641 407 3705 1535,
443 3635 515 3691 ab
555 3635 733 3690 ultimi
769 3635 995 3690 orientis
1029 3638 1099 3692 al.
1129 3638 1244 3693 eod.
1269 3655 1370 3693 ree.
1398 3638 1622 3705 (Voss),
1658 3635 1730 3690 ab
1768 3634 1949 3689 ultimi
1993 3634 2219 3689 orientis
2263 3633 2515 3704 partibus
2564 3636 2643 3690 ed.

247 3726 558 3794 antiqwiss„
604 3721 676 3776 ab
723 3722 901 3776 ultimi
939 3721 1176 3777 Orientis
1222 3723 1346 3778 sinu
1392 3725 1628 3794 Madviy
1666 3724 1790 3778 Em.
1817 3724 1887 3777 L.
1905 3740 1967 3791 p.
1994 3726 2114 3790 537,
2161 3720 2232 3775 ab
2281 3720 2487 3775 ultimis
2532 3720 2646 3775 oris

256 3811 503 3882 Seyffert,
539 3812 725 3874 Hertz,
763 3808 834 3863 ab
869 3808 1078 3864 ultimis
1114 3809 1350 3864 Orientis
1386 3809 1592 3865 finibus
1626 3811 2018 3877 Weissenborn,
2055 3810 2136 3864 M.
2164 3810 2409 3864 Mueller.
2443 3809 2452 3875 Ι
