2925 4278
632 148 858 201 LIBER
893 147 1193 201 XXXVII.
1232 147 1396 201 GAP.
1424 150 1472 201 4.
1500 151 1547 201 5.
1579 151 1627 201 6.
1667 146 1734 213 [a.
1761 146 1826 200 U.
1855 162 1899 199 e.
1927 147 2068 213 564}
2463 126 2546 191 55

144 321 441 384 incautos
497 340 706 403 posse.
799 319 1116 403 profectus
1175 320 1256 383 ab
1319 319 1528 382 Elatia
1585 318 1858 401 primum
1920 318 1985 380 in
2048 317 2321 382 hostium
2381 323 2550 380 terra
2591 327 2655 374 10

147 407 323 470 circa
369 406 765 489 Spercheum
810 427 1064 470 amnem
1110 406 1321 490 posuit
1368 413 1607 487 castra3
1655 404 1805 468 inde
1850 410 2035 467 nocte
2095 405 2284 469 motis
2330 403 2549 486 signis,

146 494 360 579 prima
406 492 550 556 luce
598 513 828 557 corona
872 493 1123 557 moenia
1170 500 1264 556 est
1308 511 1666 575 aggressus.
1762 491 1835 554 V.
1885 490 2155 571 Magnus
2215 510 2415 573 pavor
2473 510 2551 552 ac
2627 500 2652 545 1

148 579 479 659 tumultus,
527 585 598 642 ut
643 579 708 641 in
754 599 821 643 re
866 578 1229 662 improvisa,
1278 579 1415 643 fuit.
1496 577 1887 641 constantius
1919 582 2153 656 tamen,
2188 596 2376 656 quam
2410 576 2551 656 quis

78 681 109 725 5
151 665 438 730 facturos
486 665 789 744 crederet,
836 666 901 729 in
948 672 1077 728 tam
1124 665 1331 729 subito
1378 664 1675 747 periculo,
1733 683 1875 726 cum
1907 663 2024 725 viri
2057 668 2549 745 propugnarent,

150 751 438 815 feminae
470 752 600 815 tela
629 752 830 815 omnis
860 752 1114 834 generis
1162 770 1445 831 saxaque
1491 750 1557 813 in
1606 769 1814 813 muros
1844 754 2156 832 gererent,
2189 748 2318 811 iam
2350 747 2553 810 multi-

149 838 385 901 fariam
434 837 622 902 scalis
666 837 973 920 appositis
1027 838 1248 902 urbem
1296 858 1370 901 eo
1415 835 1521 899 die
1565 834 2005 900 defenderunt.
2083 834 2323 898 Acilius
2369 834 2551 916 signo
2624 845 2655 890 2

152 923 445 1006 receptui
491 923 640 987 dato
687 943 829 987 suos
875 924 940 987 in
991 930 1197 987 castra
1241 921 1449 986 medio
1513 923 1711 985 ferme
1772 921 1875 985 die
1935 920 2221 1002 reduxit3
2286 925 2349 984 et
2403 926 2554 983 tunc

155 1011 303 1074 cibo
338 1016 402 1073 et
435 1010 647 1091 quiete
679 1010 931 1074 refectis
964 1010 1346 1092 corporibus,
1379 1009 1743 1092 priusquam
1777 1001 2156 1090 praetorium
2189 1006 2553 1086 dimitteret,

54 1111 117 1157 10
156 1096 587 1177 denuntiavit,
634 1101 704 1159 ut
749 1104 898 1160 ante
944 1097 1149 1160 lucem
1207 1096 1436 1159 armati
1490 1094 1820 1178 paratique
1884 1100 2121 1157 essent:
2180 1093 2302 1157 nisi
2363 1112 2554 1174 expu-

152 1189 359 1267 gnata
405 1183 562 1245 urbe
609 1202 677 1246 se
723 1202 832 1247 eos
876 1183 943 1245 in
991 1189 1197 1246 castra
1257 1201 1384 1245 non
1444 1181 1866 1244 reducturum.
1960 1179 2184 1243 eodem
2246 1185 2548 1261 tempore,
2626 1191 2657 1236 3

155 1289 283 1351 quo
329 1267 558 1352 pridie,
605 1269 889 1351 pluribus
936 1269 1088 1332 locis
1133 1287 1493 1350 aggreSSUS,
1558 1287 1700 1330 cum
1760 1264 2115 1349 oppidanos
2175 1265 2302 1328 iam
2362 1264 2551 1343 vires,

154 1356 289 1419 iam
337 1355 483 1434 tela,
531 1355 659 1418 iam
705 1362 854 1418 ante
899 1355 1113 1423 omnia
1157 1354 1405 1417 animus
1467 1352 1781 1430 deficeret,
1844 1354 2010 1415 intra
2070 1371 2307 1433 paucas
2368 1350 2558 1415 horas

153 1443 387 1505 urbem
435 1441 619 1523 cepit.
712 1441 801 1505 ibi
863 1441 1094 1524 partim
1156 1439 1486 1503 divendita
1546 1439 1773 1521 partim
1837 1438 2043 1501 divisa
2102 1436 2359 1520 praeda,
2418 1456 2557 1500 con-

52 1540 116 1586 15
158 1528 374 1592 silium
420 1526 729 1606 habitum,
780 1526 932 1608 quid
978 1526 1210 1590 deinde
1256 1527 1509 1589 faceret.
1603 1524 1841 1589 nemini
1887 1523 1971 1587 ad
2017 1525 2420 1607 Naupactum
2482 1523 2558 1586 iri
2631 1537 2665 1582 4

159 1613 406 1697 placuit
450 1620 757 1696 occupato
803 1613 889 1676 ad
938 1615 1238 1678 Coracem
1283 1613 1364 1675 ab
1410 1611 1652 1675 Aetolis
1706 1612 1887 1674 saltu.
1965 1631 2048 1674 ne
2093 1618 2308 1674 tamen
2340 1610 2562 1692 segnia

158 1699 413 1764 aestiva
460 1706 672 1763 essent
719 1706 781 1763 et
826 1700 1032 1763 Aetoli
1079 1720 1205 1762 non
1251 1699 1654 1780 impetratam
1703 1717 1924 1780 pacem
1971 1697 2052 1760 ab
2101 1702 2324 1761 senatu
2367 1695 2562 1758 nihilo

162 1786 379 1849 minus
425 1805 541 1868 per
587 1806 767 1850 suam
815 1786 1279 1849 cunctationem
1324 1784 1652 1864 haberent,
1717 1803 2087 1867 oppugnare
2134 1783 2373 1847 Acilius
2418 1783 2562 1845 Am-

161 1872 450 1956 phissam
499 1872 736 1935 statuit.
828 1873 912 1935 ab
958 1872 1269 1936 Heraclea
1312 1892 1426 1954 per
1474 1870 1700 1935 Oetam
1748 1870 2064 1934 exercitus
2112 1889 2185 1932 eo
2231 1868 2559 1932 deductus.

58 1972 121 2018 20
163 1979 310 2022 cum
356 1957 439 2020 ad
485 1958 740 2022 moenia
785 1964 990 2022 castra
1035 1958 1367 2040 posuisset,
1414 1977 1542 2021 non
1591 1976 1840 2036 corona,
1889 1956 2051 2020 sicut
2094 1956 2400 2034 Lamiam,
2449 1953 2562 2018 sed
2636 1968 2667 2014 5

161 2044 466 2128 operibus
540 2064 912 2128 oppugnare
974 2046 1193 2108 urbem
1264 2049 1359 2107 est
1429 2042 1707 2108 adortus.
1802 2043 2086 2126 pluribus
2154 2042 2339 2105 simul
2408 2040 2562 2104 locis

161 2132 332 2196 aries
379 2129 858 2212 admovebatur,
908 2138 970 2195 et
1016 2151 1158 2195 cum
1204 2136 1613 2212 quaterentur
1658 2130 1840 2210 muri,
1897 2128 2054 2193 nihil
2098 2128 2404 2193 adversus
2436 2127 2564 2191 tale

163 2218 657 2282 machinationis
701 2238 903 2301 genus
947 2237 1174 2301 parare
1218 2224 1330 2280 aut
1377 2217 1767 2281 comminisci
1812 2215 2116 2300 oppidani
2149 2217 2559 2279 conabantur.

161 2305 373 2368 omnis
419 2324 575 2391 spes·
614 2305 681 2366 in
725 2304 917 2368 armis
964 2310 1024 2368 et
1071 2302 1340 2367 audacia
1387 2310 1548 2386 erat;
1600 2303 2033 2385 eruptionibus
2066 2302 2301 2366 crebris
2348 2307 2411 2364 et
2442 2305 2561 2364 sta·
2636 2316 2667 2362 6

62 2406 122 2450 25
167 2391 379 2454 tiones
424 2390 701 2454 hostium
749 2397 811 2454 et
858 2410 963 2454 eos
1009 2390 1200 2473 ipsos,
1250 2390 1357 2471 qui
1404 2390 1571 2453 circa
1615 2409 1811 2471 opera
1871 2395 1934 2452 et
1977 2387 2304 2451 machinas
2363 2393 2561 2465 erant,

164 2477 533 2541 turbabant.
627 2477 736 2541 VI.
800 2476 1012 2539 Multis
1075 2483 1286 2540 tamen
1351 2476 1505 2539 locis
1567 2475 1871 2540 decussus
1930 2493 2144 2537 murus
2206 2479 2357 2550 erat,
2423 2491 2563 2535 cum
2638 2490 2662 2536 1

161 2564 427 2628 allatum
479 2569 575 2627 est
629 2583 1056 2627 successorem
1102 2561 1479 2645 Apolloniae
1526 2561 1813 2644 exposito
1848 2560 2129 2624 exercitu
2161 2580 2273 2641 per
2303 2558 2562 2641 Epirum

380 2845 425 2895 1.
468 2839 675 2893 aelatia
718 2840 781 2892 B.
815 2841 823 2906 1
855 2843 903 2894 6.
941 2842 1198 2908 gererent
1235 2838 1306 2902 M,
1353 2839 1469 2894 cod.
1495 2855 1595 2892 rec.
1622 2845 1672 2892 et
1708 2839 1787 2892 ed.
1815 2843 1911 2892 vet.
1921 2858 1940 2904 ,·
1985 2837 2302 2904 ingererent
2337 2835 2402 2903 B,
2440 2850 2563 2888 con-

162 2932 435 2993 gererent
480 2929 617 2981 coni.
656 2928 1030 2981 Weissenborn
1084 2927 1164 2980 ed.
1212 2927 1409 2979 Teubn.
1445 2926 1627 2993 praef.
1664 2942 1724 2992 p.
1754 2925 1927 2978 XIX.
1978 2925 1985 2989 Ι
2033 2922 2143 2976 iam
2185 2923 2265 2989 M3
2333 2940 2435 2978 om.
2469 2923 2560 2975 rel.

162 3015 280 3068 cod.
301 3013 393 3080 (B)
419 3020 471 3067 et
506 3014 588 3066 ed.
613 3018 709 3066 vet.
744 3013 752 3077 Ι
783 3015 831 3067 8.
853 3010 985 3065 dato
1011 3030 1112 3066 om.
1139 3011 1200 3064 B.
1234 3012 1243 3078 Ι
1274 3010 1382 3064 diei
1419 3011 1499 3064 ed.
1522 3012 1698 3065 Basil.
1721 3014 1875 3077 1535,
1901 3011 2084 3079 Luyd.
2112 3014 2265 3063 1537.
2299 3011 2307 3075 Ι
2341 3013 2398 3061 et
2434 3013 2565 3061 tunc

163 3098 293 3152 cibo
340 3098 415 3164 M,
468 3099 679 3164 Aldu35
733 3101 789 3149 et
839 3095 966 3150 cibo
1019 3099 1153 3152 Lov.
1187 3102 1240 3165 2,
1283 3097 1331 3149 ἃ
1367 3096 1592 3163 quidem
1628 3096 1753 3150 cibo
1799 3099 1890 3151 rel.
1931 3098 2044 3151 cod.
2083 3095 2171 3162 (B)
2207 3102 2256 3149 et
2300 3095 2381 3148 ed.
2418 3096 2564 3147 anti-

165 3189 353 3262 quiss„
393 3190 452 3237 et
487 3188 619 3236 tunc
655 3183 876 3251 quidem
923 3183 1048 3238 cibo
1084 3186 1223 3239 coni.
1258 3186 1653 3251 lVeissenborn,
1690 3186 1783 3238 sed
1829 3187 1897 3251 cf.
1924 3186 2124 3252 ephem.
2149 3183 2339 3236 Austr.
2366 3184 2519 3233 1892.
2552 3180 2559 3249 Ι

167 3275 247 3327 12.
285 3265 323 3340 (¹1
361 3270 540 3339 pridie
586 3271 646 3324 B.
689 3273 697 3336 Ι
738 3270 925 3323 multis
979 3270 1116 3324 loeis
1162 3271 1232 3324 M.
1273 3273 1283 3336 Ι
1324 3273 1404 3326 13.
1452 3266 1757 3324 deficerent
1800 3272 1914 3326 cod.
1963 3271 2153 3334 Voss.!
2199 3271 2279 3323 15.
2316 3267 2395 3319 ire
2439 3265 2511 3318 M.
2556 3266 2562 3335 ι

169 3363 249 3414 18.
296 3357 588 3411 habebant
630 3357 693 3424 B,
738 3355 984 3410 habeant
1030 3358 1343 3411 dubitanter
1384 3358 1761 3412 Weissenborn
1805 3357 1886 3410 ed.
1917 3357 2114 3409 Tenbn.
2141 3355 2323 3423 praef.
2349 3354 2523 3407 ΧΠ.
2555 3352 2562 3421 l

169 3445 460 3512 amplisam
504 3443 566 3495 Β.
601 3445 609 3507 Ι
644 3447 723 3498 19.
760 3442 1034 3496 deductus
1077 3443 1124 3495 B
1169 3450 1219 3497 et
1261 3444 1374 3498 cod.
1413 3460 1515 3498 rec.
1542 3444 1797 3509 (Voss.).,·
1841 3441 2042 3494 ductus
2080 3443 2151 3495 al.
2188 3458 2288 3495 rec.
2315 3441 2482 3506 (Lov.
2507 3444 2568 3502 2)

170 3538 216 3584 et
240 3532 319 3584 ed.
341 3536 442 3584 vet.
476 3532 483 3595 1
517 3532 601 3583 23.
629 3529 963 3582 comminisci
986 3536 1127 3599 spat.
1153 3532 1244 3584 rel.
1273 3547 1375 3584 om.
1400 3529 1465 3596 B,
1501 3528 1744 3580 eminisci
1783 3529 1898 3583 cod.
1923 3544 2023 3583 rec.
2046 3532 2074 3590 (
2089 3528 2278 3593 Voss).
2311 3528 2319 3594 Ι
2351 3529 2435 3580 25.
2461 3541 2569 3577 ma·

179 3616 369 3669 chinas
395 3617 477 3670 ed.
499 3622 595 3669 vet.
624 3632 757 3683 quas
782 3617 898 3670 vidi
923 3634 1130 3683 omn685
1153 3614 1588 3669 machinationes
1615 3616 1728 3669 eod.
1756 3614 1838 3682 (B,
1857 3615 2025 3680 Voss„
2052 3617 2186 3670 Lov.
2210 3614 2280 3679 2).
2314 3616 2322 3680 Ι
2354 3616 2436 3667 26.
2463 3615 2570 3663 tur-

178 3700 455 3757 babantur
477 3702 540 3756 B.
574 3704 584 3768 1
616 3701 885 3755 decussus
922 3718 1111 3756 murus
1148 3702 1195 3755 B
1222 3709 1269 3757 et
1293 3704 1374 3757 ed.
1401 3703 1719 3770 antiqui33.;
1754 3716 1943 3754 murus
1980 3700 2248 3756 decussus
2286 3701 2398 3755 cod.
2426 3699 2571 3754 ree?

178 3796 222 3844 et
256 3792 333 3844 ed.
354 3797 486 3860 post
524 3791 702 3845 Basil.
735 3793 744 3854 1
777 3795 895 3842 erat
932 3807 1028 3845 om.
1057 3790 1119 3842 B.
1153 3790 1161 3856 Ι
