2925 4278
622 148 844 202 LIBER
884 149 1181 203 XXXVII.
1221 149 1385 203 CAP.
1413 153 1496 205 35.
1524 153 1607 204 36.
1646 151 1719 217 [a.
1746 149 1811 203 U.
1839 165 1884 202 c.
1912 152 2052 219 564}
2445 136 2528 200 89

148 320 434 385 fiduciam
481 321 862 406 impetrandi
910 324 1031 387 sibi
1077 343 1215 388 esse
1262 323 1444 403 dixit,
1494 323 1662 404 quod
1705 323 1945 407 priores
1977 325 2170 407 legati
2217 325 2371 389 nihil
2418 327 2527 390 im-

147 415 527 492 petrassent3
579 411 920 493 Zmyrnam
969 410 1138 473 enim
1187 416 1248 473 et
1293 411 1716 493 Lampsacum
1759 417 1821 475 et
1850 411 2307 476 Alexandriam
2337 414 2526 477 Troa-

146 493 277 558 dem
324 504 389 559 et
434 496 911 578 Lysimachiam
957 497 1022 560 in
1067 497 1323 580 Europa
1367 497 1637 561 iactatas
1681 497 1747 561 in
1793 497 1916 561 illis
1959 497 2524 583 disceptationibus

145 601 303 662 esse3
353 603 623 664 quarum
686 583 1095 666 Lysimachia
1154 584 1278 647 iam
1341 584 1607 649 cessisse
1654 604 1889 667 regem,
1951 604 2033 647 ne
2080 584 2230 666 quid
2292 584 2527 652 habere
2600 601 2633 647 3

87 684 112 729 5
147 686 272 731 eum
319 669 385 731 in
436 670 694 754 Europa
738 669 1055 753 dicerent3
1106 690 1214 734 eas
1262 691 1422 752 quae
1471 671 1537 734 in
1584 672 1740 735 Asia
1787 671 1912 735 sint
1958 672 2248 736 civitates
2278 672 2527 738 tradere

146 762 427 835 paratum.
471 776 636 835 esse,
700 765 760 820 et
807 757 860 821 si
922 777 1078 837 quas
1138 757 1297 821 alias
1358 757 1648 838 Romani,
1712 758 1879 839 quod
1941 778 2192 822 suarum
2254 760 2526 843 partium

148 839 381 923 fuerint,
432 843 764 907 vindicare
810 844 892 907 ab
938 844 1202 928 imperio
1249 844 1423 927 regio
1484 845 1712 926 velint3
1776 845 2102 928 impensae
2165 865 2413 928 quoque
2458 848 2525 910 in
2597 860 2630 906 4

144 925 357 991 bellum
406 929 625 994 factae
671 937 913 1013 partem
961 928 1288 994 dimidiam
1335 951 1550 1012 regem
1607 938 2069 1013 praestaturum
2125 933 2354 1017 populo
2409 936 2524 997 Ro-

141 1032 330 1079 mano.
427 1015 558 1080 hae
606 1015 1008 1082 condiciones
1056 1023 1232 1081 erant
1277 1018 1488 1101 pacis3
1536 1018 1778 1099 reliqua
1822 1018 2022 1082 oratio
2070 1018 2206 1099 fuit,
2269 1026 2338 1083 ut
2391 1041 2521 1085 me·
2575 1036 2628 1081 v5

58 1114 108 1160 10
139 1118 326 1165 mores
372 1123 589 1166 rerum
638 1102 1057 1167 humanarum
1106 1112 1169 1168 et
1215 1124 1366 1168 suae
1414 1104 1704 1169 fortunae
1750 1104 2225 1169 moderarentur
2270 1113 2333 1170 et
2377 1108 2523 1171 alie-

138 1205 268 1249 nam
316 1209 399 1252 ne
432 1198 756 1273 urgerent.
816 1190 1068 1254 finirent
1099 1192 1350 1274 Europa
1381 1191 1747 1274 imperium3
1778 1190 1842 1254 id
1869 1212 2117 1274 quoque
2142 1192 2518 1257 immensum
2595 1207 2626 1254 6

138 1290 296 1357 esse3
346 1283 409 1340 et
458 1278 672 1360 parari
735 1277 986 1360 singula
1046 1276 1439 1359 adquirendo
1500 1276 1749 1342 facilius
1812 1279 2092 1361 potuisse
2155 1299 2343 1359 quam
2392 1280 2520 1343 uni-

137 1377 305 1424 versa
351 1364 561 1427 teneri
621 1384 840 1447 posse3
905 1363 1127 1445 quodsi
1189 1364 1380 1427 Asiae
1427 1383 1676 1445 quoque
1738 1372 1983 1448 partem
2044 1366 2320 1446 aliquam
2380 1368 2519 1431 abs·
2593 1380 2621 1426 7

137 1445 369 1513 trahere
441 1451 667 1530 velint,
738 1450 1079 1515 dummodo
1148 1472 1274 1515 non
1344 1449 1553 1514 dubiis
1620 1451 1985 1533 regionibus
2045 1450 2289 1533 finiant,
2352 1453 2521 1516 vinci

60 1542 108 1591 15
138 1549 294 1597 suam
345 1538 839 1621 temperantiam
887 1538 1175 1601 Romana
1222 1536 1567 1621 cupiditate
1611 1538 1789 1622 pacis
1829 1545 1893 1602 et
1924 1538 2299 1603 concordiae
2331 1560 2522 1604 causa

138 1635 330 1700 regern
379 1644 740 1707 passurum.
823 1643 918 1703 ea,
950 1644 1117 1705 quae
1163 1625 1373 1708 legato
1419 1645 1656 1707 magna
1686 1623 1768 1687 ad
1799 1645 2020 1708 pacem
2056 1626 2519 1709 impetrandam

139 1702 529 1790 videbantur,
591 1730 791 1794 parva
851 1712 1156 1776 Romanis
1216 1711 1389 1775 visa:
1452 1732 1603 1774 nam
1666 1718 1728 1776 et
1788 1712 2169 1796 impensam,
2234 1734 2395 1794 quae
2456 1715 2519 1778 in
2592 1728 2624 1776 8

145 1786 353 1858 bellum
404 1798 586 1860 facta
634 1805 820 1878 esset,
868 1818 1118 1862 omnem
1164 1803 1487 1882 praestare
1547 1818 1761 1880 regem
1821 1819 2091 1879 aequum
2154 1801 2518 1881 censebant,

147 1877 303 1944 cuius
350 1885 546 1968 culpa
592 1884 825 1947 bellum
884 1884 1225 1948 excitatum
1274 1892 1474 1967 esset3
1538 1891 1600 1949 et
1658 1905 1784 1948 non
1845 1886 2017 1948 Ionia
2084 1886 2269 1950 modo
2329 1894 2520 1969 atque
2591 1901 2622 1948 9

64 1973 112 2021 20
139 1963 378 2033 Aeolide
428 1969 658 2034 deduci
709 1970 943 2036 debere
989 1972 1166 2054 regia
1210 1970 1552 2055 praesidia,
1616 1970 1728 2035 sed
1776 1971 1938 2035 sicut
1983 1972 2252 2037 Graecia
2313 1975 2517 2037 omnis

137 2046 382 2119 liberata
430 2065 623 2137 esset,
670 2058 779 2137 ita,
831 2076 994 2139 quae
1040 2059 1105 2121 in
1151 2059 1307 2122 Asia
1353 2059 1500 2135 sint,
1558 2078 1777 2122 omnes
1838 2058 2090 2123 liberari
2151 2060 2357 2124 urbes,
2448 2059 2513 2123 id
2558 2075 2619 2122 10

139 2134 298 2203 aliter
340 2144 484 2209 fieri
533 2165 660 2208 non
705 2165 912 2230 posse,
962 2166 1151 2227 quam
1198 2154 1267 2209 ut
1314 2146 1403 2209 cis
1447 2147 1724 2209 Taurum
1780 2153 2058 2210 montem
2119 2147 2517 2231 possessione
2569 2215 2573 2221 ,

139 2220 307 2291 Asiae
351 2231 713 2297 Antiochus
760 2231 963 2296 cedat.

323 2317 632 2382 XXXVI.
682 2320 964 2400 Legatus
1026 2326 1361 2403 postquam
1424 2317 1582 2382 nihil
1643 2319 1833 2399 aequi
1893 2318 1954 2382 in
2021 2320 2281 2384 consilio
2325 2320 2516 2404 impe·
2591 2336 2616 2382 1

67 2403 112 2452 2⁵
142 2398 286 2464 trare
331 2423 400 2470 se
450 2405 775 2486 censebat,
822 2406 1117 2490 privatim
1184 2442 1258 2453 -—
1328 2404 1419 2468 sic
1466 2404 1633 2468 enim
1696 2405 2073 2489 imperatum
2136 2413 2271 2469 erat
2314 2443 2396 2452 ——
2445 2408 2511 2470 P.

142 2478 441 2569 Scipionis
487 2499 796 2577 temptare
841 2492 1120 2555 animum
1171 2497 1266 2555 est
1313 2499 1592 2555 conatus.
1685 2492 1960 2555 omnium
2000 2492 2272 2576 primum
2317 2493 2512 2557 filium
2586 2510 2617 2556 2

142 2567 190 2629 ei
231 2573 360 2641 sine
406 2579 614 2662 pretio
660 2578 1049 2643 redditurum
1097 2597 1312 2661 regem
1362 2576 1565 2661 dixit3
1614 2577 1848 2642 deinde
1895 2579 2153 2661 ignarus
2215 2586 2277 2643 et
2321 2579 2515 2643 animi

142 2650 435 2741 Scipionis
487 2672 550 2729 et
596 2666 787 2731 moris
834 2665 1120 2743 Romani,
1169 2664 1305 2728 auri
1351 2663 1601 2747 pondus
1646 2664 1873 2747 ingens
1920 2676 2009 2726 est
2053 2665 2390 2749 pollicituS,
2453 2673 2516 2730 et

143 2747 375 2814 nomine
422 2758 675 2816 tantum
722 2753 897 2835 regio
945 2760 1211 2835 excepto
1258 2751 1623 2815 societatem
1672 2753 1877 2816 omnis
1908 2752 2110 2834 regni,
2145 2753 2195 2817 si
2227 2773 2341 2837 per
2372 2773 2514 2817 eum

68 2834 114 2884 30
143 2845 343 2909 pacem
389 2839 813 2923 impetrasset.
906 2838 988 2902 ad
1038 2858 1114 2902 ea
1159 2837 1370 2922 Scipio
1421 2839 1630 2922 „quod
1676 2840 1995 2904 Romanos
2042 2859 2280 2920 omnes,
2343 2838 2511 2921 quod
2583 2857 2615 2903 3

334 3017 382 3068 2.
423 3014 631 3067 zmirna
676 3012 739 3066 B.
781 3016 787 3076 Ι
830 3015 876 3065 4.
925 3009 1276 3080 Lysimachia
1330 3010 1439 3063 iam
1485 3013 1565 3065 ecl.
1599 3013 1775 3066 Basil.
1811 3016 1973 3075 1535;
2026 3011 2400 3080 lysimachiam
2447 3012 2509 3080 B,

143 3088 474 3160 Lysimachia
519 3103 632 3156 cod.
672 3119 774 3155 rec.
809 3107 856 3155 et
904 3101 982 3154 ed.
1010 3102 1296 3167 antiquiss.
1330 3099 1337 3164 Ι
1370 3100 1417 3152 6.
1457 3098 1607 3166 quod
1653 3114 1872 3150 suarum
1919 3097 2158 3166 partium
2209 3096 2412 3150 fuerint
2447 3098 2509 3163 B,

144 3181 241 3233 cod.
264 3203 361 3240 rec.
380 3190 630 3258 plerique
665 3175 824 3255 (Bov-
848 3191 906 3252 2)
944 3194 991 3241 et
1029 3189 1107 3241 ed.
1134 3194 1260 3253 vet.;
1303 3201 1445 3254 quae
1485 3200 1708 3237 suarum
1744 3184 1985 3252 partium
2020 3183 2225 3237 fuerint
2260 3186 2506 3239 nonnull.

144 3269 241 3320 cod.
266 3290 362 3328 rec.
390 3276 611 3342 (Voss),
648 3291 787 3343 quas
833 3289 1059 3326 suarum
1102 3272 1341 3340 partium
1390 3271 1678 3325 ediderant
1723 3272 1793 3339 M,
1831 3287 1969 3339 quas
2010 3287 2233 3324 suarum
2278 3270 2512 3338 partium

146 3350 394 3413 ediderint
429 3363 657 3431 Madviy
685 3363 809 3415 Em.
836 3362 903 3415 L.
923 3378 982 3429 p.
1011 3364 1128 3425 532,
1166 3361 1349 3414 Hertz.
1384 3364 1390 3421 Ι
1428 3363 1507 3414 11.
1547 3374 1751 3426 europe
1787 3358 1848 3411 B.
1886 3361 1892 3412 Ι
1928 3362 2007 3413 17.
2044 3375 2173 3411 nam
2196 3358 2267 3423 M,
2304 3360 2511 3422 Aldus;

144 3453 230 3493 oni..
254 3448 341 3500 rel.
368 3449 484 3503 cod.
511 3448 597 3515 (B)
633 3456 681 3502 et
716 3450 795 3502 ed.
822 3455 918 3501 vet.
954 3452 961 3511 Ι
994 3450 1075 3502 20.
1116 3445 1213 3499 sed
1251 3448 1363 3501 cod.
1385 3464 1486 3500 rec.
1514 3454 1563 3500 et
1598 3447 1674 3500 ed.
1706 3453 1829 3507 vet.;
1877 3445 1924 3498 δι
1961 3445 2021 3498 Β.
2057 3449 2064 3511 Ι
2096 3448 2179 3500 24.
2219 3450 2510 3514 postquam

146 3519 343 3592 legatus
386 3533 553 3588 nichil
600 3534 661 3587 B.
694 3539 701 3598 Ι
734 3537 816 3591 28.
865 3534 1061 3602 ingens
1112 3538 1198 3586 est
1242 3531 1523 3599 pollicitus
1572 3534 1766 3600 Aldus,
1816 3534 1897 3586 M.
1943 3535 2190 3600 Mueller,
2239 3535 2305 3601 cf.
2346 3534 2424 3586 H.
2458 3535 2507 3587 1.

148 3609 356 3674 Mueller
398 3640 526 3676 arm.
554 3623 734 3677 Berol.
762 3626 900 3675 1888
936 3639 995 3689 p.
1023 3627 1146 3688 101,
1191 3625 1323 3674 1891
1364 3638 1422 3689 p.
1450 3625 1580 3682 16&
1624 3619 1820 3688 ingens
1869 3619 2145 3686 pollicitus
2192 3620 2305 3673 eod.
2333 3618 2421 3687 (B)
2461 3625 2509 3672 et

149 3697 216 3836 {g
247 3711 543 3779 antiquiss„
590 3708 786 3776 ingens
830 3707 1110 3776 pollicitus
1148 3714 1235 3761 est
1269 3709 1659 3763 Weissenborn.
1693 3710 1699 3773 Ι
1735 3709 1817 3762 29.
1855 3707 2009 3775 regio
2047 3707 2094 3759 ἃ
2133 3711 2362 3773 excepto
2398 3705 2459 3758 B.
2498 3702 2504 3774 Ι

208 3825 217 3836 .
252 3796 418 3849 omnis
455 3796 517 3848 B.
551 3799 559 3861 Ι
