2925 4278
305 129 429 192 182
824 146 1050 200 LIBER
1087 144 1415 200 XXXVIII.
1453 145 1619 199 CAP.
1646 149 1728 201 55.
1768 146 1838 214 [a.
1865 145 1931 200 U.
1957 160 2002 199 c.
2028 146 2168 214 567].

302 326 390 402 ut,
453 320 559 403 qui
618 321 860 385 Romae
918 325 1232 385 mortuum
1295 320 1655 401 elatumque
1707 320 1776 384 P.
1825 320 2188 405 Scipionem
2232 358 2319 366 —
2366 326 2461 385 est
2521 320 2710 385 enim

302 428 379 472 ea
423 427 672 490 quoque
717 406 891 471 fama
933 444 1020 454 ——
1064 406 1341 488 tradunt,
1403 407 1748 491 pilleatum,
1812 407 1973 471 sicut
2023 407 2091 471 in
2142 405 2459 489 triumpho
2511 407 2706 488 ierat,

300 495 367 558 in
414 495 635 559 funere
689 514 937 576 quoque
990 500 1140 559 ante
1184 492 1416 559 lectum
1469 494 1595 558 isse
1648 493 1989 558 memoriae
2042 492 2449 577 prodiderint,
2497 500 2560 558 et
2609 494 2709 558 ad

300 587 545 665 portam
600 581 923 664 Capenam
975 580 1246 645 mulsum
1300 580 1649 663 prosecutis
1699 579 1892 644 funus
1945 578 2216 660 dedisse,
2271 579 2441 661 quod
2483 582 2565 645 ab
2619 601 2707 645 eo

233 680 263 726 3
300 668 465 732 inter
507 667 665 733 alios
710 666 994 750 captivos
1037 667 1105 731 in
1135 667 1353 731 Africa
1398 687 1482 731 ex
1513 667 1800 732 hostibus
1830 674 2122 750 receptus
2153 673 2338 747 esset,
2385 673 2495 731 aut
2525 667 2704 732 adeo
2786 679 2826 723 5

300 754 625 819 inimicum
685 754 978 835 eundem,
1039 760 1109 818 ut
1161 761 1415 838 propter
1475 754 1789 838 insignem
1852 754 2234 819 simultatem
2293 754 2374 818 ab
2438 773 2515 818 ea
2566 754 2704 819 fac-

300 841 490 922 tione,
539 861 701 923 quae
745 839 1018 905 adversa
1064 841 1467 925 Scipionibus
1512 848 1666 922 erat,
1713 839 1996 905 delectus
2041 841 2123 905 sit
2166 839 2566 941 potissimum
2608 839 2706 906 ad

231 945 264 991 4
302 928 739 1009 quaestionem
807 926 1230 993 exercendam
1288 952 1400 1012 —3
1464 935 1739 992 ceterum
1801 927 1882 991 ad
1942 926 2111 991 hunc
2171 927 2360 991 nimis
2417 947 2703 1010 aequum

232 1034 263 1079 5
300 1021 411 1079 aut
462 1014 750 1095 iniquum
809 1020 1163 1098 praetorem
1223 1034 1368 1079 reus
1428 1014 1748 1097 extemplo
1806 1014 2011 1079 factus
2064 1015 2134 1078 L
2184 1014 2414 1097 Scipio.
2505 1014 2701 1079 simul

302 1108 363 1165 et
409 1099 620 1165 delata
664 1107 728 1166 et
774 1109 1028 1184 recepta
1073 1101 1332 1165 nomina
1376 1102 1725 1184 legatorum
1772 1101 1926 1181 eiuS,
1972 1101 2047 1165 A.
2080 1107 2146 1165 et
2176 1102 2246 1165 L.
2281 1101 2699 1166 Hostiliorum
2743 1110 2816 1157 10

302 1187 635 1269 Catonum,
683 1195 746 1252 et
792 1187 859 1252 G.
894 1187 1071 1252 Furii
1115 1188 1454 1252 Aculeonis
1501 1189 1869 1269 quaestoris,
1920 1194 2000 1269 et,
2047 1194 2117 1251 ut
2155 1188 2370 1252 omnia
2401 1195 2700 1252 contacta

301 1274 602 1339 societate
647 1274 975 1358 peculatus
1020 1272 1404 1355 viderentur,
1459 1275 1704 1340 scribae
1759 1295 2007 1356 quoque
2068 1274 2193 1339 duo
2249 1280 2310 1339 et
2363 1293 2695 1339 accensus,

299 1361 370 1424 L.
419 1362 725 1426 Hostilius
771 1367 834 1426 et
879 1362 1125 1426 scribae
1172 1368 1235 1425 et
1278 1381 1606 1443 accensus,
1657 1362 2023 1445 priusquam
2069 1359 2150 1425 de
2196 1360 2490 1444 Scipione
2536 1360 2699 1425 iudi-

301 1448 467 1512 cium
521 1448 718 1529 fieret,
774 1448 1045 1513 absoluti
1106 1455 1269 1530 sunt,
1327 1448 1542 1532 Scipio
1604 1455 1666 1512 et
1716 1448 1791 1512 A.
1840 1448 2146 1512 Hostilius
2204 1448 2453 1531 legatus
2507 1453 2570 1512 et
2619 1449 2694 1514 C.

232 1553 262 1598 6
299 1534 527 1600 Furius
580 1534 893 1598 damnati:
958 1555 1079 1616 quo
1132 1535 1516 1600 commodior
1567 1556 1697 1618 pax
1745 1535 2060 1601 Antiocho
2120 1534 2393 1614 daretur,
2456 1533 2695 1618 Scipio·
2739 1542 2807 1591 15

299 1641 447 1684 nem
493 1641 609 1685 sex
655 1621 829 1685 milia
881 1621 1091 1721 pondo
1143 1623 1301 1702 auri,
1357 1621 1821 1704 quadringenta
1872 1621 2196 1705 octoginta
2245 1621 2494 1705 argenti
2548 1622 2697 1721 plus

235 1727 262 1773 7
299 1706 645 1790 accepisse,
700 1728 888 1789 quam
947 1708 1014 1772 in
1068 1709 1380 1773 aerarium
1439 1709 1776 1793 rettulerit3
1836 1708 1912 1773 A.
1969 1707 2306 1773 Hostilium
2368 1708 2696 1790 octoginta

301 1792 511 1878 pondo
555 1793 712 1874 auri,
767 1795 1014 1894 argenti
1067 1794 1535 1877 quadringenta
1587 1803 1642 1858 tl
1645 1816 1734 1879 1a
1788 1795 2049 1859 Furium
2104 1801 2501 1876 quaestorem
2552 1794 2693 1858 auri

232 1900 262 1947 8
300 1878 511 1963 pondo
566 1886 817 1944 centum
862 1881 1141 1964 triginta,
1196 1882 1444 1964 argenti
1499 1846 1788 1946 ducenta.
1881 1880 1998 1947 has
2052 1902 2170 1964 ego
2223 1901 2502 1946 summas
2553 1881 2692 1945 auri

301 1973 366 2031 et
407 1966 658 2049 argenti
703 1967 933 2032 relatas
977 1968 1148 2050 apud
1192 1967 1517 2032 Antiatem
1571 1968 1804 2032 inveni.
1897 1968 1962 2032 in
2008 1969 2079 2032 L.
2128 1968 2426 2069 Scipione
2477 1967 2687 2031 malim
2726 1976 2799 2023 20

302 2052 597 2135 equidem
657 2053 897 2117 librarii
954 2053 1253 2117 mendum
1315 2074 1503 2136 quam
1572 2054 1974 2119 mendacium
2043 2054 2364 2137 scriptoris
2426 2074 2562 2120 esse
2619 2054 2686 2117 in

232 2162 261 2209 9
301 2161 547 2205 summa
592 2141 729 2205 auri
774 2147 966 2223 atque
1010 2143 1318 2226 argenti;
1344 2142 1610 2207 similius
1655 2143 1918 2241 enimam²
1864 2143 2010 2211 veri
2066 2148 2162 2206 est
2205 2143 2456 2225 argenti
2500 2161 2690 2223 quam

299 2228 436 2291 auri
483 2229 686 2292 maius
730 2228 977 2313 pondus
1021 2227 1238 2309 fuisse,
1287 2235 1349 2293 et
1394 2229 1603 2312 potius
1640 2208 2063 2329 quadragiens
2098 2248 2288 2311 quam
2318 2228 2692 2293 ducentiens

200 2335 263 2381 10
302 2313 726 2414 quadragiens
784 2315 958 2379 litem
1019 2315 1437 2396 aestimatam,
1502 2335 1576 2379 eo
1630 2315 1853 2400 magis,
1917 2314 2085 2414 quod
2136 2321 2351 2380 tantae
2406 2335 2690 2380 summae

299 2402 610 2466 rationem
665 2402 855 2465 etiam
908 2402 988 2465 ab
1044 2401 1182 2485 ipso
1236 2403 1304 2465 P.
1355 2402 1649 2485 Scipione
1710 2402 2077 2483 requisitam
2142 2422 2281 2467 esse
2341 2402 2408 2466 in
2461 2409 2689 2466 senatu
2728 2411 2796 2460 25

201 2509 260 2555 11
299 2486 584 2568 tradunt,
655 2488 1007 2569 librumque
1068 2488 1329 2553 rationis
1399 2489 1534 2554 eius
1594 2509 1733 2552 cum
1795 2488 2061 2552 Lucium
2120 2488 2382 2553 fratrem
2440 2488 2692 2554 adferre

202 2595 262 2641 12
300 2573 604 2654 iussisset,
650 2574 1049 2656 inspectante
1094 2580 1319 2638 senatu
1364 2575 1493 2640 suis
1538 2576 1742 2658 ipsum
1792 2576 2085 2641 manibus
2132 2575 2563 2658 concerpsisse
2600 2576 2691 2639 in-

301 2659 689 2744 dignantem,
745 2660 933 2760 quod,
990 2681 1132 2726 cum
1187 2662 1283 2726 bis
1336 2662 1606 2727 milliens
1660 2662 1725 2725 in
1781 2663 2092 2726 aerarium
2148 2662 2482 2742 intulisset,
2546 2682 2691 2743 qua-

198 2769 261 2814 13
300 2746 599 2829 dragiens
651 2747 811 2811 ratio
856 2747 938 2810 ab
995 2767 1063 2812 se
1116 2755 1495 2830 posceretur.
1587 2748 1669 2812 ab
1717 2748 1942 2813 eadem
1994 2748 2227 2813 fiducia
2276 2749 2492 2829 animi,
2548 2769 2688 2813 cum

300 2838 667 2914 quaestores
719 2834 1054 2916 pecuniam
1108 2853 1189 2897 ex
1241 2835 1485 2900 aerario
1540 2841 1757 2898 contra
1809 2836 2014 2918 legem
2066 2855 2353 2936 promere
2405 2856 2533 2900 non
2585 2856 2688 2899 au-
2727 2844 2797 2892 30

299 2917 540 3000 derent,
596 2920 808 2985 claves
853 2920 1216 3003 poposcisse
1262 2926 1324 2985 et
1370 2941 1438 2986 se
1482 2927 1842 3004 aperturum
1887 2924 2199 2987 aerarium
2245 2922 2504 3006 dixisse,
2562 2922 2686 3004 qui,

299 3011 368 3070 ut
415 3004 828 3087 clauderetur,
878 3006 1208 3071 effecisset.

511 3200 590 3251 11.
628 3195 778 3249 Furii
814 3196 1122 3250 Aculeonis
1153 3199 1329 3253 Galen.
1357 3197 1489 3266 (S‘e),
1523 3201 1592 3266 cf.
1620 3202 1816 3267 ephem.
1846 3201 2030 3254 Austr.
2058 3204 2224 3266 18925
2256 3198 2387 3251 furii
2422 3198 2690 3252 culleonis

298 3282 354 3335 M
379 3290 504 3338 teste
528 3285 695 3352 Moy„
732 3285 931 3351 Aldus,
958 3283 1169 3337 furiacii
1195 3283 1368 3337 leonis
1397 3287 1509 3340 cod.
1521 3303 1621 3341 rec.
1629 3288 1875 3355 plerique
1888 3287 2105 3353 (Lov.2,
2125 3288 2316 3349 Voss).
2350 3286 2358 3352 Ι
2393 3287 2472 3340 14.
2499 3285 2574 3338 Α.
2600 3285 2687 3354 Μ.,

298 3372 578 3439 Moyunt.;
611 3389 709 3425 om.
732 3372 823 3424 rel.
846 3372 958 3425 cod.
981 3377 1029 3425 et
1053 3371 1130 3424 ed.
1151 3372 1321 3438 prior.
1355 3374 1363 3435 1
1398 3375 1479 3426 16.
1506 3386 1585 3438 sq.
1613 3375 1677 3440 cf.
1710 3374 2013 3427 Mommsen
2047 3379 2180 3427 ro'm.
2208 3375 2444 3427 Mimzw.
2473 3390 2533 3441 p.
2561 3377 2690 3440 402,-

299 3458 364 3511 de
385 3458 558 3511 verbis
595 3471 694 3509 sex
729 3455 881 3509 milia
900 3497 1051 3510 .....
1071 3457 1198 3524 plus
1222 3459 1443 3513 Richter
1460 3477 1647 3528 proqr.
1678 3459 1898 3513 Oldenb.
1920 3464 2059 3512 1880
2086 3479 2144 3527 p.
2174 3464 2255 3512 15.
2290 3463 2297 3526 Ι
2333 3462 2411 3514 17.
2438 3458 2687 3512 retulerit

298 3542 370 3611 M,
396 3544 601 3606 Aldu35
637 3541 903 3595 retulerat
939 3545 1053 3598 cod.
1078 3561 1180 3599 rec.
1207 3551 1255 3598 et
1288 3546 1366 3598 ecl.
1386 3548 1563 3613 prior.
1592 3545 1905 3612 (rettulerat
1940 3548 2019 3599 ed.
2048 3547 2231 3600 Paris.
2252 3548 2427 3611 1510.)
2461 3549 2469 3612 Ι
2503 3549 2582 3602 18.
2610 3562 2686 3598 ar·

298 3629 454 3697 genti
500 3631 615 3685 cod.
644 3647 764 3696 rec„
801 3631 880 3684 ed.
907 3631 1082 3685 Basil.
1110 3634 1249 3685 1535
1284 3632 1442 3700 (M‘?)3
1493 3637 1549 3685 et
1592 3632 1810 3700 argenti
1854 3635 1926 3686 al.
1963 3634 2077 3688 cod.
2103 3650 2202 3689 rec.
2230 3633 2388 3699 (Lov.
2412 3634 2489 3700 2.)
2525 3640 2575 3687 et
2608 3635 2685 3689 ed.

290 3718 467 3784 prior.
501 3717 510 3782 Ι
552 3718 634 3770 27.
683 3716 1057 3783 concerpsisse
1107 3719 1422 3785 Sabellicus,
1471 3721 1549 3773 ed.
1586 3720 1768 3773 Paris.
1795 3723 1960 3786 1510,·
2009 3720 2399 3786 compressisse
2445 3720 2559 3775 cod.
2587 3739 2688 3776 rec.

293 3804 538 3872 plerique
574 3809 623 3857 et
660 3804 738 3856 ed.
778 3804 1089 3871 antiquiss„
1128 3789 1471 3871 consepsisse
1502 3805 1741 3873 Gaertn„
1776 3804 2136 3873 discerpsisse
2173 3807 2312 3860 coni.
2336 3806 2547 3861 Novak.
2584 3809 2591 3872 Ι
