2925 4278
320 74 407 135 54
846 89 1071 142 LIBER
1107 89 1400 143 XXXVII.
1441 88 1607 142 CAP.
1635 92 1681 144 3.
1707 92 1756 143 4.
1798 90 1869 157 [a.
1896 90 1960 144 U.
1988 106 2030 145 o.
2060 91 2203 159 564}

223 274 282 319 10
323 267 635 328 venerunt
680 261 1234 343 adhortantesque,
1280 268 1350 325 ut
1395 263 1460 325 in
1507 262 1727 326 Asiam
1776 262 2123 326 exercitum
2170 262 2541 326 traicerent:
2589 282 2718 326 om-

322 349 430 411 nia
475 349 764 431 perculsa
810 354 982 411 metu
1027 368 1154 412 non
1208 349 1275 411 in
1322 348 1476 412 Asia
1520 348 1707 412 modo
1768 348 1882 413 sed
1943 348 2131 412 etiam
2178 349 2245 412 in
2292 349 2479 431 Syria
2540 368 2714 433 esse;

220 445 280 491 11
321 454 505 517 reges
549 434 832 517 Aegypti
878 433 962 497 ad
1009 454 1105 514 ea,
1154 455 1315 515 quae
1362 435 1712 499 censuisset
1758 442 2035 514 senatuS,
2067 441 2321 517 paratos
2352 434 2504 498 fore.
2575 455 2716 518 gra-

321 521 450 584 tiae
495 521 753 603 regibus
800 527 1016 603 actae3
1063 521 1290 603 legatis
1351 541 1615 585 munera
1674 520 1812 583 dari
1872 522 2062 601 iussa,
2127 521 2190 584 in
2237 521 2519 603 singulos
2566 541 2716 602 qua-

321 613 571 671 ternum
605 606 857 672 ,milium
903 606 1086 670 aen‘s.
2785 619 2811 665 5

256 707 279 751 1
358 694 365 702 '
530 694 637 756 IV.
688 693 757 755 L.
796 693 1125 758 Cornelius
1171 693 1388 757 consul
1434 693 1726 776 peractis,
1759 712 1923 774 quae
1953 694 2195 756 Romae
2224 692 2477 775 agenda
2510 699 2713 771 erant,

320 799 432 862 pro
480 779 771 842 contione
820 779 1040 858 edixit,
1086 785 1156 842 ut
1201 779 1452 857 milites,
1502 799 1659 860 quos
1703 779 1840 862 ipse
1883 780 1950 842 in
1998 779 2504 861 supplementum
2569 779 2715 844 scri-

321 865 553 948 psisset
600 864 834 946 quique
893 867 959 928 in
1007 865 1280 928 'Bruttiis
1343 885 1496 928 cum¹
1546 867 1620 929 A.
1657 865 1948 930 Cornelio
2009 870 2414 948 propraetore
2475 872 2713 945 essent,

251 964 282 1009 2
319 956 389 1013 ut
435 950 500 1013 hi
548 971 765 1015 omnes
810 951 1023 1015 idibus
1085 950 1508 1026 Quinctilibus
1567 951 1974 1014 Brundisium
2037 951 2464 1015 convenirent.
2558 952 2714 1015 item

320 1044 446 1100 tres
494 1037 738 1118 legatos
784 1038 1153 1118 nominavit,
1203 1038 1352 1102 Sex
1388 1037 1699 1119 Digitium
1745 1037 1815 1100 L.
1849 1037 2189 1119 Apustium
2237 1038 2304 1102 C.
2341 1037 2709 1101 Fabricium
2751 1047 2808 1095 10

318 1122 684 1202 Luscinum,
733 1125 841 1205 qui
887 1144 968 1187 ex
1015 1144 1123 1188 ora
1170 1124 1485 1186 maritima
1529 1122 1809 1204 undique
1855 1143 2055 1187 naves
2100 1122 2506 1187 Brundisium
2570 1144 2713 1188 con-

318 1209 676 1291 traherent3
728 1216 791 1274 et
836 1210 1128 1274 omnibus
1187 1210 1315 1273 iam
1375 1210 1614 1292 paratis
1675 1209 2013 1292 paludatus
2072 1210 2152 1272 ab
2217 1211 2371 1273 urbe
2434 1216 2531 1273 est
2577 1230 2713 1292 pro-

249 1308 279 1352 3
318 1294 538 1359 fectus.
633 1294 717 1359 ad
765 1298 1042 1377 quinque
1101 1297 1276 1359 milia
1336 1295 1849 1374 voluntariorum,
1912 1295 2183 1358 Romani
2244 1295 2542 1377 sociique,
2603 1297 2713 1377 qui

319 1383 581 1446 emerita
627 1383 946 1464 stipendia
992 1384 1107 1447 sub
1162 1383 1540 1465 imperatore
1586 1383 1655 1444 P.
1689 1382 1990 1445 Africano
2052 1381 2393 1460 habebant,
2454 1388 2713 1464 praesto

248 1481 278 1524 4
320 1467 496 1530 fuere
545 1470 804 1532 exeunti
851 1469 1093 1533 consuli
1139 1475 1202 1533 et
1247 1469 1505 1532 nomina
1550 1467 1878 1531 dederunt.
1956 1488 2069 1550 per
2117 1487 2223 1531 eos
2271 1467 2425 1546 dies,
2475 1468 2710 1548 quibus
2748 1476 2805 1524 15

320 1558 416 1616 est
462 1552 781 1635 profectus
840 1554 923 1617 ad
970 1555 1203 1619 bellum
1253 1554 1487 1632 consul,
1552 1552 1717 1617 ludis
1781 1554 2270 1636 Apollinaribus,
2332 1560 2481 1618 ante
2543 1553 2717 1618 diem

320 1639 608 1719 quintum
655 1640 797 1705 idus
845 1640 1213 1720 QuinctileS,
1263 1642 1436 1704 caelo
1484 1660 1707 1704 sereno
1752 1639 2026 1703 interdiu
2072 1640 2406 1704 obscurata
2436 1641 2547 1702 lux
2598 1646 2715 1719 est,

250 1738 280 1783 5
321 1744 462 1788 cum
525 1725 677 1789 luna
737 1727 854 1791 sub
917 1729 1133 1791 orbem
1196 1727 1343 1790 solis
1403 1726 1695 1790 subisset.
1790 1732 1852 1789 et
1910 1726 1980 1788 L.
2030 1726 2337 1789 Aemilius
2405 1726 2716 1808 RegilluS,

320 1810 419 1873 cui
482 1812 730 1876 navalis
791 1813 1120 1895 provincia
1197 1818 1517 1891 evenerat,
1581 1811 1802 1876 eodem
1864 1819 2147 1895 tempore
2206 1812 2527 1895 profectus
2598 1818 2713 1877 est.

316 1897 387 1959 L.
422 1898 849 1962 Aurunculeio
896 1899 1220 1981 negotium
1267 1899 1348 1963 ab
1398 1905 1623 1962 senatu
1671 1898 1888 1961 datum
1936 1905 2049 1978 est,
2113 1904 2184 1961 ut
2229 1899 2490 1981 triginta
2536 1899 2715 1979 quin·
2752 1909 2810 1956 ⁶20

318 2003 668 2064 queremeS,
735 1984 964 2068 viginti
1024 1985 1309 2049 triremes
1369 1984 1627 2064 faceret,
1692 1984 1839 2066 quia
1898 1984 2071 2048 fama
2131 1991 2266 2048 erat
2325 1984 2716 2060 Antiochum

316 2076 459 2153 post
504 2070 811 2153 proelium
859 2072 1088 2135 navale
1135 2071 1436 2134 maiorem
1485 2070 1752 2135 classem
1799 2070 2124 2152 aliquanto
2168 2090 2481 2153 reparare.

249 2170 278 2216 6
528 2157 755 2239 Aetoli,
802 2163 1136 2241 postquam
1180 2158 1378 2240 legati
1423 2158 1505 2221 ab
1554 2159 1755 2221 Roma
1798 2158 2173 2221 rettulerunt
2233 2158 2471 2221 nullam
2533 2177 2716 2242 spem

315 2242 494 2325 pacis
541 2263 699 2324 esse,
749 2264 1133 2326 quamquam
1179 2245 1382 2308 omnis
1430 2264 1539 2307 ora
1584 2243 1900 2306 maritima
1946 2264 2181 2325 eorum,
2230 2263 2395 2325 quae
2439 2244 2506 2307 in
2537 2245 2714 2308 Pelo

251 2342 278 2388 7
317 2348 669 2411 ponnesum
718 2351 904 2394 versa
949 2337 1064 2410 est,
1113 2330 1498 2414 depopulata
1542 2330 1624 2392 ab
1673 2329 1947 2393 Achaeis
1993 2336 2147 2409 erat,
2194 2330 2457 2413 periculi
2504 2331 2713 2413 magis
2749 2341 2806 2388 25

318 2434 509 2495 quam
557 2416 776 2480 damni
821 2436 1154 2496 memores,
1200 2424 1269 2480 ut
1315 2416 1620 2479 Romanis
1666 2415 2158 2480 intercluderent
2218 2417 2357 2496 iter,
2407 2418 2714 2481 Coracem

313 2510 786 2586 occupaverunt
828 2510 1142 2586 montem,
1192 2522 1399 2583 neque
1447 2502 1617 2565 enim
1651 2501 2027 2565 dubitabant
2055 2501 2139 2564 ad
2171 2503 2715 2585 oppugnationem

243 2600 274 2646 8
314 2587 631 2671 Naupacti
680 2608 786 2652 eos
832 2589 1143 2671 principio
1189 2589 1358 2652 veris
1402 2587 1714 2651 redituros
1761 2606 1919 2651 esse.
2011 2588 2235 2667 Acilio,
2285 2590 2432 2669 quia
2493 2587 2560 2651 id
2612 2610 2715 2653 ex-

315 2674 554 2755 pectari
617 2676 876 2754 sciebat,
941 2675 1138 2739 satius
1198 2674 1406 2739 visum
1469 2681 1564 2738 est
1619 2673 2062 2756 necopinatam
2122 2674 2389 2757 aggredi
2452 2694 2588 2737 rem
2654 2679 2715 2737 et

246 2773 276 2820 9
314 2759 603 2823 Lamiam
651 2780 1054 2843 oppugnare;
1103 2781 1253 2823 nam
1300 2767 1362 2824 et
1406 2781 1445 2823 a
1496 2759 1784 2842 Philippo
1845 2779 2043 2843 prope
2105 2760 2190 2823 ad
2238 2760 2558 2824 excidium
2608 2760 2713 2824 ad·
2748 2778 2805 2826 30

314 2844 537 2909 ductos
586 2866 746 2926 esse,
795 2853 859 2911 et
904 2854 1054 2910 tunc
1101 2867 1174 2911 eo
1220 2847 1377 2929 ipSO,
1427 2845 1596 2928 quod
1655 2845 1811 2908 nihil
1872 2846 2000 2909 tale
2062 2846 2375 2926 timerent,
2440 2845 2712 2929 opprimi

521 3038 569 3088 2.
618 3035 675 3086 in
722 3035 851 3087 siria
887 3036 948 3088 B.
982 3038 991 3101 1
1024 3039 1071 3090 3.
1111 3034 1318 3103 aegipti
1356 3035 1419 3087 B.
1454 3036 1461 3102 Ι
1494 3038 1541 3089 9.
1581 3038 1646 3085 ut
1690 3033 1747 3086 hi
1788 3050 1977 3087 omnes
2015 3034 2142 3102 ΒΜ,
2181 3036 2389 3100 Aldus;
2435 3039 2499 3087 ut
2534 3034 2712 3088 biduo

310 3134 500 3173 01111168
539 3122 652 3176 eod.
681 3138 780 3176 ree.
804 3124 1051 3190 plerique
1075 3124 1101 3187 (
1115 3123 1281 3187 Voss„
1308 3122 1442 3175 Lov.
1468 3122 1560 3188 2.),
1588 3128 1636 3175 et
1660 3121 1737 3175 ed.
1760 3123 2062 3189 antiquiss„
2091 3124 2155 3173 ut
2178 3121 2215 3173 ii
2242 3136 2432 3174 omnes
2457 3123 2711 3176 Draken-

309 3209 476 3261 borch
512 3210 571 3260 in
610 3208 738 3260 adn.
772 3208 780 3274 Ι
815 3211 897 3262 11.
937 3206 1095 3260 nauis
1132 3207 1195 3259 B.
1228 3209 1237 3272 1
1272 3209 1355 3261 12.
1392 3206 1672 3274 paludatis
1710 3207 1772 3259 B.
1807 3210 1814 3272 Ι
1850 3211 1929 3262 13.
1967 3206 2204 3259 Romani
2242 3207 2484 3274 sociique
2520 3208 2596 3274 B,
2643 3222 2710 3259 ex

308 3293 549 3345 romanis
587 3292 862 3359 sociisque
900 3294 1013 3348 cod.
1040 3311 1141 3348 ree.
1169 3300 1217 3347 et
1253 3295 1332 3347 ed.
1359 3300 1453 3347 vet.
1491 3294 1499 3360 Ι
1533 3296 1614 3348 15.
1640 3308 1740 3360 per
1765 3292 1987 3346 eosdem
2013 3292 2132 3346 dies
2158 3295 2271 3348 cod.
2303 3296 2451 3349 Voss.
2484 3298 2494 3356 1
2528 3297 2610 3349 16.
2638 3292 2710 3346 ad

307 3378 560 3446 quintum
604 3379 650 3431 B
698 3387 747 3434 et
793 3381 904 3434 eod.
941 3398 1042 3434 rec.
1069 3381 1330 3448 plerique.
1365 3381 1373 3446 1
1417 3383 1497 3435 18.
1547 3379 1650 3432 sub
1696 3378 1835 3432 urbe
1871 3378 2030 3447 (urbe
2075 3397 2139 3434 ex
2184 3380 2375 3447 orbe?)
2420 3380 2554 3434 solis
2601 3377 2702 3445 Β.Ι

307 3472 389 3524 20.
412 3480 805 3518 .xxxv.remes
851 3466 912 3517 B.
946 3465 954 3530 1
985 3468 1067 3520 21.
1106 3465 1307 3533 viginti
1351 3465 1601 3519 triremes
1646 3466 1716 3532 M,
1753 3466 1963 3532 Aldus;
2008 3484 2108 3520 om.
2135 3470 2227 3522 rel.
2257 3469 2371 3522 eod.
2409 3468 2497 3536 (B)
2542 3477 2592 3523 et
2626 3472 2703 3525 ed.

308 3555 599 3623 antiquiss,
633 3555 640 3619 Ι
672 3555 756 3607 23.
795 3552 1103 3604 retulerunt
1147 3550 1211 3603 B.
1244 3550 1252 3619 Ι
1285 3554 1367 3606 28.
1407 3551 1503 3619 qui
1538 3551 1596 3603 id
1641 3553 1720 3606 ed.
1758 3553 1939 3606 Basil.
1975 3556 2129 3619 1535,
2166 3554 2388 3608 Bekker.
2423 3559 2430 3618 Ι
2462 3558 2545 3610 29.
2586 3571 2708 3609 nec-

315 3641 596 3707 opinatam
640 3640 855 3708 scripsi,
900 3641 969 3705 ef.
1004 3640 1202 3707 ephem.
1237 3639 1426 3692 Austr.
1452 3642 1619 3703 18923
1663 3637 1943 3705 opinatam
1977 3638 2039 3706 B,
2076 3640 2209 3694 Lov.
2235 3645 2288 3708 2,
2331 3642 2496 3709 Voss„
2535 3641 2707 3709 inopi·

309 3732 495 3779 natam
535 3729 605 3781 αῖ.
632 3743 733 3780 ree.
760 3732 809 3779 et
845 3726 924 3777 ed.
951 3731 1046 3779 vet.
1082 3726 1088 3789 Ι
1122 3726 1204 3778 30.
1243 3738 1370 3776 nam
1407 3724 1453 3775 8z
1490 3723 1736 3791 philippo
1772 3724 1835 3776 B.
1870 3727 1877 3789 Ι
