2925 4278
377 120 456 182 16
858 135 1083 187 L1BER
1120 134 1381 190 XXXVI.
1423 135 1587 189 CAP.
1630 139 1821 193 1314.
1862 137 1933 205 [a.
1961 137 2027 191 U.
2054 153 2099 190 o.
2127 140 2267 204 563]

304 332 333 375 3
373 310 682 394 principio
728 310 895 374 veris
941 310 1293 374 coniunctis
1341 310 1539 393 copiis
1585 310 1651 373 in
1699 310 2096 375 Thessaliam
2143 311 2624 376 descenderunt.
2697 315 2763 377 in

371 397 736 461 Acarnania
778 404 911 460 tum
958 397 1308 461 Antiochus
1355 403 1506 460 erat.
1592 396 2007 462 advenientes
2051 397 2402 498 Philippus
2429 399 2764 464 Malloeam

372 483 814 563 Perrhaebiae,
872 484 1149 547 Baebius
1193 483 1501 547 Phacium
1557 490 1651 547 est
1705 504 2071 567 aggressus;
2130 505 2253 566 quo
2309 485 2511 569 primo
2564 507 2766 570 prope

302 591 334 635 4
369 571 611 653 impetu
673 576 858 653 capto
918 569 1262 634 Phaestum
1325 568 1550 633 eadem
1611 569 1931 634 celeritate
1993 570 2179 653 capit.
2272 571 2421 635 inde
2466 573 2765 637 Atracem

371 677 514 721 cum
559 676 628 720 se
674 656 1037 740 recepisset,
1094 656 1383 738 Cyretias
1428 655 1579 720 hinc
1626 662 1687 720 et
1731 656 1998 720 Eritium
2045 664 2339 740 occupat;
2403 658 2762 741 praesidiis—

373 764 494 825 que
540 764 653 827 per
697 749 955 825 recepta
1001 741 1236 842 oppida
1284 741 1607 825 dispositis
1652 742 1945 826 Philippo
1991 763 2205 808 rursus
2250 744 2567 809 obsidenti
2613 747 2765 810 Mal-

302 830 577 897 5loeam
638 850 706 894 se
768 829 1109 912 coniungit.
1204 830 1319 894 sub
1381 828 1728 893 adventum
1775 830 2044 894 Romani
2106 831 2444 911 exercitUS,
2508 851 2619 895 seu
2680 833 2767 896 ad

371 923 609 980 metum
664 915 892 980 virium
940 936 1050 980 seu
1111 914 1195 979 ad
1257 935 1436 998 spem
1491 915 1738 996 veniae,
1802 936 1943 980 cum
2004 915 2397 982 dedidissent
2458 938 2617 998 sese,
2680 919 2770 983 ad

374 1023 450 1067 ea
495 1001 861 1086 recipienda
891 1001 1143 1085 oppida,
1194 1023 1356 1083 quae
1387 1002 1784 1066 Athamanes
1815 1011 2302 1086 occupaverant,
2351 1024 2476 1068 uno
2506 1005 2766 1088 agmine

303 1111 333 1156 6
372 1090 597 1153 ierunt.
691 1095 872 1153 erant
936 1095 1151 1152 autem
1197 1088 1383 1153 haec:
1445 1088 1788 1171 Aeginium
1832 1089 2176 1153 Ericinium
2225 1089 2498 1172 Gomphi
2545 1091 2769 1156 Silana

304 1198 332 1244 7
369 1176 594 1240 Tricca
637 1175 952 1239 Meliboea
995 1175 1307 1239 Phaloria
1378 1174 1529 1237 inde
1574 1175 1986 1255 Pellinaeum,
2029 1175 2138 1239 ubi
2183 1175 2515 1259 Philippus
2555 1178 2765 1262 Mega-

370 1262 751 1346 lopolitanus
798 1282 939 1326 cum
988 1261 1351 1344 quingentis
1397 1260 1719 1360 peditibus
1766 1268 1829 1325 et
1876 1261 2193 1342 equitibus
2225 1261 2647 1345 quadraginta
2694 1265 2760 1328 in

370 1348 686 1433 praesidio
734 1356 888 1428 erat,
950 1347 1401 1412 circumsidunt
1448 1355 1529 1428 et,
1586 1348 1951 1430 priusquam
1998 1356 2458 1432 oppugnarent,
2506 1351 2769 1413 mittunt

371 1434 455 1498 ad
517 1434 882 1518 Philippum
945 1435 1052 1516 qui
1112 1440 1461 1514 monerent,
1524 1454 1606 1497 ne
1667 1434 1797 1497 vim
1866 1434 2154 1497 ultimam
2216 1434 2485 1518 experiri
2546 1434 2760 1498 vellet.

303 1542 334 1588 8
373 1521 601 1602 quibus
646 1521 750 1584 ille
797 1521 951 1584 satis
996 1520 1288 1585 ferociter
1332 1519 1663 1603 respondit
1707 1521 1809 1584 vel
1838 1521 2142 1584 Romanis
2189 1523 2289 1585 vel
2322 1520 2641 1585 Thessalis
2688 1542 2760 1585 se

373 1607 755 1672 crediturum
814 1607 1030 1687 fuisse,
1093 1607 1159 1670 in
1206 1605 1486 1689 Philippi
1549 1626 1617 1670 se
1671 1613 2050 1689 potestatem
2099 1607 2576 1671 commissurum
2635 1627 2764 1671 non

305 1716 334 1760 9
373 1714 532 1758 esse.
624 1700 959 1777 postquam
1018 1698 1313 1776 apparuit
1373 1693 1438 1756 vi
1497 1691 1839 1775 agendum,
1901 1693 2050 1774 quia
2111 1692 2445 1756 videbatur
2492 1701 2555 1757 et
2599 1693 2766 1756 Lim-

372 1800 604 1844 naeum
666 1779 886 1844 eodem
949 1787 1231 1863 tempore
1285 1777 1648 1862 'oppugnari
1707 1800 1912 1862 posse,
1976 1799 2192 1862 regem
2251 1778 2335 1842 ad
2388 1779 2765 1843 Limnaeum

372 1868 465 1930 ire
511 1866 767 1950 placuit,
815 1866 1093 1930 Baebius
1138 1865 1370 1930 restitit
1414 1864 1500 1928 ad
1545 1865 1937 1930 Pellinaeum
1983 1864 2501 1948 oppugnandum.

307 1976 330 2020 1
579 1953 752 2017 XIV.
816 1953 938 2016 Per
997 1972 1105 2017 eos
1164 1952 1326 2015 forte
1389 1950 1525 2015 dies
1585 1953 1686 2014 Μ’.
1745 1953 1986 2016 Acilius
2055 1952 2270 2015 consul
2332 1972 2476 2015 cum
2536 1952 2767 2035 viginti

373 2039 627 2103 milibus
672 2038 977 2121 peditum,
1040 2037 1287 2103 duobus
1334 2038 1589 2102 milibus
1636 2039 1937 2119 equitum,
2000 2036 2362 2119 quindecim
2411 2038 2770 2121 elephantis

314 2168 321 2173 -
374 2126 532 2191 mari
580 2126 842 2190 traiecto
904 2123 1230 2209 pedestres
1278 2125 1494 2209 copias
1537 2125 1828 2190 Larisam
1875 2123 2105 2189 ducere
2152 2124 2437 2190 tribunos
2496 2124 2770 2189 militum

303 2237 333 2282 2
371 2213 581 2295 iussit;
629 2213 765 2295 ipse
813 2232 955 2276 cum
989 2212 1273 2294 equitatu
1303 2212 1679 2276 Limnaeum
1709 2210 1792 2275 ad
1824 2211 2186 2294 Philippum
2227 2212 2420 2276 venit.
2482 2210 2771 2275 adventu

374 2264 649 2364 consulis
680 2297 917 2363 deditio
951 2299 1088 2363 sine
1121 2299 1522 2363 cunctatione
1555 2305 1650 2363 est
1681 2297 1870 2378 facta,
1920 2297 2347 2378 traditumque
2378 2297 2771 2381 praesidium

305 2410 335 2455 3
372 2386 618 2469 regium
675 2393 737 2449 et
783 2405 925 2449 cum
985 2385 1063 2448 iis
1106 2384 1517 2449 Athamanes
1609 2386 1690 2449 ab
1748 2384 2052 2447 Limnaeo
2098 2383 2489 2448 Pellinaeum
2545 2385 2770 2447 consul

373 2472 805 2557 proficiscitur.
899 2472 987 2535 ibi
1042 2472 1228 2555 primi
1273 2471 1668 2534 Athamanes
1729 2468 2125 2534 tradiderunt
2186 2490 2345 2551 sese,
2410 2467 2643 2534 deinde
2707 2479 2775 2535 et

305 2582 337 2628 4
374 2560 704 2643 Philippus
747 2559 1345 2642 Megalopolitanus3
1410 2558 1511 2621 cui
1570 2556 1906 2621 decedenti
1963 2555 2281 2639 praesidio
2345 2577 2489 2620 cum
2543 2556 2774 2621 obvius

374 2646 537 2710 forte
581 2646 803 2709 fuisset
848 2644 1179 2728 Philippus
1223 2664 1359 2723 rex,
1407 2643 1492 2707 ad
1537 2643 1874 2707 ludibrium
1932 2663 2148 2726 regem
2194 2663 2339 2707 eum
2386 2643 2771 2707 consalutari

374 2732 576 2812 iussit,
623 2732 760 2814 ipse
808 2751 1185 2814 congressus
1231 2730 1492 2794 fratrem
1539 2729 1710 2793 haud
1774 2749 1929 2794 sane
1977 2728 2203 2794 decoro
2251 2727 2569 2793 maiestati
2616 2749 2773 2793 suae

584 2924 631 2976 3.
663 2919 932 2990 prhebiae
956 2919 1158 2973 bebius
1182 2919 1244 2973 B.
1278 2924 1285 2983 1
1317 2921 1367 2994 4.
1396 2918 1696 2971 Phaestum
1728 2920 2055 2986 Sabellicus;
2091 2917 2388 2986 phaustum
2411 2917 2475 2982 B,
2513 2919 2629 2973 eod.
2666 2935 2768 2972 ree.

375 3017 423 3063 et
459 3011 536 3063 ed.
577 3015 670 3063 vet.
706 3010 713 3073 Ι
747 3012 793 3063 5.
832 3006 1112 3075 cyrethias
1148 3007 1209 3059 B.
1245 3007 1251 3072 Ι
1285 2990 1454 3061 61·ῗοίιῖ
1490 3005 1552 3058 Β.
1587 3007 1594 3072 Ι
1628 3009 1673 3059 6.
1715 3011 1934 3072 recepta
1963 3006 2075 3060 eod.
2106 3005 2194 3072 (B)
2222 3011 2271 3058 et
2298 3006 2406 3071 θῶς
2442 3011 2607 3071 capta
2643 3003 2713 3056 Μ.
2759 3005 2765 3072 Ι

376 3099 423 3149 7.
471 3094 576 3147 sub
625 3093 924 3147 adventum
970 3095 1049 3147 ed.
1097 3095 1351 3162 Moyzmt.
1398 3095 1485 3158 (ex
1530 3092 1669 3159 MP),
1716 3091 1820 3144 sub
1868 3090 2115 3143 aduentu
2158 3093 2250 3145 rel.
2301 3092 2415 3146 cod.
2465 3090 2555 3158 (Β)
2601 3096 2650 3144 et
2684 3091 2766 3142 ed.

376 3183 663 3250 antiquiss.
697 3184 704 3248 Ι
738 3184 785 3235 9.
812 3185 1183 3247 occupauerat
1209 3180 1270 3233 Β.
1305 3181 1312 3246 Ι
1347 3183 1426 3234 lo.
1456 3178 1560 3231 hae
1598 3178 1875 3246 ceginium
1905 3176 2166 3230 ercinium
2193 3177 2381 3244 gompi
2408 3176 2581 3230 silana
2604 3174 2774 3228 tricta

377 3266 651 3320 moelibea
685 3266 937 3335 phaloria
974 3267 1036 3319 B.
1068 3255 1086 3331 Ι
1130 3269 1210 3321 11.
1251 3265 1676 3333 phaelinnaeum
1712 3265 1773 3317 B.
1817 3266 1823 3327 Ι
1871 3266 1949 3319 12.
1989 3268 2045 3316 et
2082 3262 2363 3329 equitibus
2398 3260 2776 3330 quadraginta

376 3354 448 3420 M,
485 3355 693 3420 Aldus;
738 3373 838 3408 om.
877 3355 969 3407 rel.
1009 3355 1123 3408 cod.
1163 3353 1249 3420 (B)
1286 3360 1335 3407 et
1378 3353 1458 3417 ed,
1506 3353 1791 3419 antiquiss.
1835 3353 1842 3417 Ι
1887 3353 1966 3404 13.
2006 3354 2163 3401 erant
2199 3348 2259 3401 B.
2294 3350 2301 3413 Ι
2338 3352 2415 3404 17.
2451 3348 2775 3400 Limnaeam

376 3441 454 3494 ed.
494 3441 742 3508 Moywnt.
778 3442 785 3504 Ι
822 3442 900 3494 18.
940 3439 1246 3507 oppugnari
1291 3453 1454 3505 posse
1489 3452 1676 3504 regem
1714 3435 1785 3488 ad
1810 3435 2132 3487 Limnaeum
2169 3452 2269 3489 om.
2308 3433 2371 3486 B.
2404 3436 2413 3498 Ι
2448 3435 2528 3488 19.
2567 3432 2775 3499 paelin-

377 3541 578 3578 naeum
612 3525 674 3578 B.
709 3527 716 3592 Ι
748 3528 831 3580 20.
860 3525 1050 3578 consul
1079 3544 1181 3581 om.
1208 3525 1271 3577 B.
1305 3526 1313 3591 Ι
1345 3540 1469 3577 cum
1507 3522 1704 3591 viginti
1740 3520 1962 3573 milibus
1999 3520 2247 3587 peditum
2270 3521 2318 3574 I.
2340 3521 2409 3573 F.
2435 3520 2778 3586 Gronovius3

378 3628 503 3666 cum
541 3612 627 3664 ·X·
665 3611 888 3665 milibus
924 3610 1176 3679 peditum
1212 3614 1327 3667 eod.
1369 3611 1471 3679 (B).
1522 3610 1530 3679 Ι
1581 3613 1661 3664 22.
1700 3607 1970 3675 pedestris
2007 3607 2070 3660 B.
2103 3610 2112 3672 Ι
2144 3609 2226 3661 24.
2265 3604 2532 3658 traditum
2569 3605 2777 3672 praesi-

378 3699 529 3752 dium
566 3698 629 3752 B.
663 3702 670 3764 Ι
702 3702 784 3754 25.
822 3715 946 3751 cum
970 3697 1057 3751 his
1082 3698 1143 3751 B.
1177 3702 1185 3765 Ι
1217 3702 1301 3752 27.
1328 3695 1686 3750 descendenti
1712 3694 1773 3747 B.
1808 3696 1816 3762 Ι
1846 3693 2121 3761 praesidio
2146 3693 2207 3760 B,
2234 3693 2347 3748 cod.
2375 3709 2476 3746 ree.
2504 3692 2663 3757 (Lov.
2691 3693 2780 3760 2),-

380 3785 450 3839 de
485 3785 762 3853 praesidio
800 3787 872 3839 al.
911 3786 1023 3840 cod.
1061 3802 1160 3840 ree.
1200 3792 1249 3839 et
1285 3786 1362 3839 ed.
1402 3791 1498 3838 vet.
1550 3786 1557 3848 Ι
1608 3786 1690 3837 29.
1730 3786 1829 3834 aut
1865 3796 1996 3833 sane
2035 3780 2094 3832 B.
2145 3783 2153 3845 Ι
2203 3776 2477 3831 maiestati
2516 3778 2597 3832 ed.
2637 3778 2774 3834 Par.

2815 1116 2872 1161 10

2818 1547 2873 1591 15
