2925 4278
670 134 897 187 LIBER
932 135 1230 188 xxxvn.
1271 134 1436 187 CAP.
1465 138 1547 189 39.
1573 138 1656 189 40.
1698 134 1770 201 [a.
1797 134 1862 188 U.
1890 150 1934 187 c.
1962 135 2099 203 5641.
2484 114 2568 176 93

176 309 351 374 acies
401 317 627 393 coepta
674 317 786 374 est.
879 330 998 373 nec
1044 310 1392 374 Antiochus
1437 310 1603 374 ultra
1648 308 2193 391 tergiversandum
2240 317 2430 388 ratus,
2488 330 2567 374 ne
2639 333 2670 381 6

180 403 240 461 ct
287 416 546 461 suorum
577 398 822 461 animos
854 397 1164 461 minueret
1196 395 1607 460 detractando
1641 404 1958 460 certamen
1993 403 2054 460 et
2085 394 2359 460 hostium
2390 416 2568 481 spem

178 504 306 567 aug
265 489 463 563 0·,eret
513 490 575 547 et
618 484 756 573 ipse
803 484 1016 567 copias
1064 483 1303 564 eduxit,
1365 490 1614 547 tantum
1675 501 2045 567 progressus
2098 504 2138 547 a
2198 482 2438 564 castris,
2502 490 2571 548 ut

184 569 630 634 dimicaturum
676 570 1027 654 appareret.

389 658 679 720 Romana
723 657 892 721 acies
938 657 1122 721 unius
1167 677 1363 740 prope
1410 655 1651 721 formae
1698 656 1818 720 fuit
1863 663 1926 720 et
1969 655 2294 719 hominum
2354 662 2418 720 et
2474 677 2568 719 ar-
2643 680 2671 727 7

179 763 424 807 morum
483 763 736 826 genere
829 743 995 807 duae
1041 744 1321 843 legiones
1366 744 1712 822 Romanae,
1770 742 1933 808 duae
1981 742 2130 804 alae
2191 743 2429 807 socium
2491 763 2568 808 ac

182 829 394 893 Latini
439 830 713 894 nominis
759 838 971 914 erant3
1020 831 1217 913 quina
1261 830 1435 894 milia
1482 836 1544 894 et
1591 828 2059 913 quadringenos
2120 830 2407 914 singulae
2463 829 2568 893 ha—

183 917 437 980 bebant.
531 917 799 981 Romani
845 916 1120 997 mediam
1165 918 1389 996 aciem,
1439 937 1674 981 cornua
1707 917 1914 980 Latini
1948 915 2315 999 tenuerunt3
2363 916 2567 981 hasta·
2640 940 2671 987 8

179 1009 387 1067 torum
466 1004 672 1087 prima
746 1005 962 1087 signa,
1043 1003 1191 1068 dein
1268 1003 1626 1087 principum
1688 1011 1899 1087 erant3
1963 1004 2159 1068 triarii
2222 1011 2568 1087 postremos

81 1103 142 1149 10
183 1089 585 1154 claudebant.
679 1097 859 1155 extra
904 1091 1070 1155 hanc
1116 1091 1289 1156 velut
1334 1091 1567 1154 iustam
1613 1091 1817 1155 aciem
1861 1111 1901 1154 a
1946 1097 2120 1173 parte
2153 1089 2380 1154 dextra
2427 1111 2566 1155 con·
2640 1115 2670 1161 9

181 1177 279 1241 sul
322 1176 720 1241 Achaeorum
767 1178 1060 1242 caetratis
1106 1178 1427 1241 immixtos
1476 1178 1818 1241 auxiliares
1862 1177 2181 1256 Eumenis,
2229 1178 2349 1240 tria
2395 1177 2568 1257 milia

179 1263 382 1328 ferme
428 1262 731 1348 peditum,
778 1272 1051 1347 aequata
1095 1264 1301 1328 fronte
1331 1264 1666 1347 instruxit3
1715 1263 1879 1327 ultra
1908 1283 2016 1327 eos
2048 1264 2328 1345 equitum
2359 1263 2568 1327 minus

179 1350 304 1414 tria
330 1350 523 1413 'milia
568 1351 878 1435 opposuit,
926 1372 1007 1415 ex
1056 1351 1283 1432 quibus
1328 1350 1632 1414 Eumenis
1694 1350 2058 1434 octingenti,
2124 1350 2400 1431 reliquus
2445 1370 2568 1414 om-

179 1437 281 1501 nis
325 1438 648 1501 Romanus
694 1438 1008 1519 equitatus
1055 1443 1222 1521 erat,
1286 1445 1604 1501 extremos
1663 1437 1906 1501 Tralles
1967 1442 2029 1500 et
2090 1437 2423 1502 Cretenses
2483 1474 2568 1483 —
2610 1458 2674 1505 10

81 1538 141 1584 15
180 1524 666 1606 quingentorum
726 1524 973 1606 utrique
1034 1544 1362 1589 numerum
1424 1524 1772 1607 explebant
1830 1561 1914 1570 --
1975 1524 2209 1588 statuit.
2317 1524 2570 1587 laevum
2610 1545 2671 1592 11

182 1630 377 1676 cornu
422 1630 549 1674 non
599 1630 784 1694 egere
831 1609 1163 1674 videbatur
1209 1610 1474 1675 obiectis
1519 1610 1751 1675 talibus
1796 1610 2070 1690 auxiliis,
2133 1610 2283 1692 quia
2315 1609 2571 1675 flumen

181 1696 263 1761 ab
313 1716 394 1760 ea
437 1703 629 1797 parte
660 1698 960 1781 ripaeque
1007 1696 1312 1780 deruptae
1361 1697 1777 1780 claudebant3
1828 1703 2116 1797 quattuor
2163 1705 2375 1761 tamen
2422 1696 2572 1761 inde

183 1792 427 1847 turmae
475 1774 755 1865 equltum
800 1784 1142 1867 oppositae
1234 1784 1395 1849 haec
1441 1804 1688 1848 summa
1720 1784 2040 1867 copiarum
2082 1791 2216 1848 erat
2247 1784 2569 1864 RomaniS,
2614 1808 2674 1855 12

185 1877 244 1934 et
290 1869 418 1935 duo
466 1871 639 1935 milia
683 1872 1021 1934 mixtorum
1077 1869 1497 1936 Macedonum
1556 1870 2016 1951 OEhracumque,
2082 1872 2186 1953 qui
2247 1871 2570 1934 voluntate

85 1970 147 2017 20
181 1957 383 2022 secuti
431 1964 643 2040 erant3
691 1957 756 2020 hi
802 1956 1119 2041 praesidio
1166 1958 1389 2022 castris
1434 1958 1635 2031 relicti
1681 1964 1845 2021 sunt.
1940 1956 2217 2021 sedecim
2278 1956 2570 2041 elephan-

180 2051 278 2109 tos
324 2051 469 2127 post
511 2044 759 2108 triarios
804 2045 870 2107 in
917 2043 1198 2109 subsidio
1243 2045 1626 2109 locaverunt.
1719 2064 1866 2108 nam
1913 2051 2359 2127 praeterquam
2404 2042 2570 2125 quod
2611 2067 2674 2114 13

180 2130 650 2196 multitudinem
712 2132 1025 2215 regiorum
1088 2131 1566 2216 elephantorum
1626 2170 1710 2178 ——-
1771 2138 1949 2195 erant
2010 2138 2220 2195 autem
2283 2136 2572 2212 quattuor

181 2225 244 2282 et
291 2217 758 2301 quinquaginta
801 2256 888 2264 —
933 2219 1242 2283 sustinere
1290 2239 1414 2284 non
1462 2218 1844 2283 videbantur
1889 2238 2094 2301 posse,
2143 2238 2224 2281 ne
2272 2218 2409 2301 pari
2443 2218 2571 2299 qui-

179 2305 329 2369 dem
377 2325 638 2369 numero
686 2303 922 2369 Indicis
967 2305 1163 2370 Africi
1230 2306 1547 2384 resistunt,
1598 2306 1731 2369 sive
1796 2305 1942 2386 quia
1996 2304 2432 2387 magnitudine
2486 2343 2570 2350 —

85 2405 143 2453 25
180 2392 371 2476 longe
417 2391 586 2455 enim
633 2392 722 2455 illi
768 2398 1095 2476 praestant
1138 2430 1224 2438 -—
1269 2392 1406 2457 sive
1451 2392 1675 2456 robore
1720 2393 2071 2456 animorum
2116 2391 2469 2454 vincuntur.

391 2479 526 2543 XL.
580 2479 782 2560 Regia
825 2479 996 2543 acies
1026 2479 1204 2542 varia
1234 2480 1438 2561 magis
1472 2479 1684 2542 multis
1715 2479 2028 2561 gentibus,
2063 2476 2572 2542 dissimilitudine
2647 2486 2672 2532 1

179 2585 501 2629 armorum
546 2566 1050 2648 auxiliorumque
1097 2572 1248 2629 erat.
1343 2565 1565 2629 decem
1613 2572 1674 2629 et
1719 2584 1834 2629 sex
1880 2565 2055 2628 milia
2085 2564 2368 2648 peditum
2400 2583 2573 2628 more

394 2760 443 2812 2.
491 2755 853 2809 detrectando
899 2759 948 2810 h.
988 2759 1022 2810 l.
1058 2757 1118 2811 B.
1160 2759 1168 2824 Ι
1210 2759 1256 2810 6.
1304 2756 1426 2809 alae
1473 2756 1601 2810 add.
1646 2756 1869 2810 Crevier.
1903 2756 1910 2821 Ι
1944 2757 1990 2807 7.
2037 2753 2447 2822 quadringenos
2493 2755 2573 2808 ed.

179 2847 363 2899 Basil.
388 2847 554 2911 1535,·
599 2843 972 2912 quadrigenos
1018 2844 1063 2896 B
1110 2851 1158 2898 et
1207 2845 1322 2898 eod.
1346 2861 1448 2898 rec.
1469 2845 1727 2912 plerique,
1765 2840 2200 2909 quadringentos
2237 2840 2290 2892 M
2327 2848 2375 2896 et
2403 2843 2576 2909 pauci

180 2949 302 2999 rec„
351 2933 735 2999 quadragenos
781 2931 860 2985 ed.
904 2936 1033 2997 aut„
1081 2929 1322 2983 ducenos
1372 2932 1510 2985 coni.
1547 2931 1748 2983 Duker.
1783 2930 1789 2995 Ι
1834 2931 1880 2983 8.
1919 2926 2100 2980 media
2144 2927 2205 2980 B.
2240 2931 2327 2991 19.
2375 2927 2575 2981 deinde

182 3019 300 3073 cod.
337 3035 438 3072 rec.
475 3019 737 3086 plerique.
781 3019 787 3081 Ι
829 3016 980 3069 triari
1035 3016 1097 3069 B.
1141 3020 1148 3083 Ι
1192 3021 1272 3072 10.
1322 3015 1479 3069 velut
1523 3017 1568 3069 B
1613 3023 1661 3069 et
1706 3019 1739 3067 4
1785 3015 1898 3069 cod.
1935 3032 2033 3069 rec.
2070 3015 2228 3080 (Lov.
2261 3018 2345 3080 2),·
2399 3013 2576 3068 veluti

183 3106 300 3160 eod.
336 3121 437 3159 rec.
466 3106 729 3172 plerique.
764 3106 885 3171 111.
934 3118 1188 3156 eumenes
1233 3103 1294 3156 B.
1329 3107 1336 3167 Ι
1384 3107 1466 3159 14.
1516 3102 1691 3156 trallis
1736 3102 1783 3154 ἃ
1828 3101 2092 3154 cretensis
2136 3101 2199 3154 B.
2233 3105 2240 3165 Ι
2287 3104 2364 3156 15.
2412 3100 2574 3154 laeuo

182 3191 254 3244 Μ.
290 3196 296 3255 Ι
334 3193 415 3245 16.
455 3205 565 3243 non
602 3204 766 3256 egere
804 3189 1096 3243 videbatur
1140 3189 1374 3243 obiectis
1411 3189 1618 3242 talibus
1656 3191 1736 3243 M.
1766 3189 2011 3256 Mueller,
2047 3191 2114 3256 ef.
2134 3192 2316 3257 praef.
2346 3207 2406 3257 p.
2427 3189 2583 3242 VIII

183 3280 250 3342 (l.
277 3294 391 3330 non
429 3292 596 3344 egere
633 3276 927 3330 videbatur
963 3279 1075 3331 iam
1111 3279 1483 3345 Alschefskius
1520 3278 1760 3346 maryiui
1798 3277 2104 3330 collationis
2150 3276 2264 3331 eod.
2290 3275 2335 3327 B
2369 3276 2576 3330 adscri-

174 3372 385 3434 pserat,
425 3366 492 3432 ef.
529 3365 605 3417 H.
628 3366 674 3417 I.
697 3366 930 3418 Mueller
962 3382 1088 3418 aun.
1112 3367 1293 3419 Berol.
1320 3369 1455 3417 1891
1477 3383 1536 3433 p.
1563 3366 1716 3425 168);
1761 3379 1798 3416 n
1837 3361 2133 3415 uerebatur
2177 3361 2411 3415 obiectis
2457 3361 2577 3414 tali-

185 3449 293 3504 bus
323 3451 385 3518 B,
421 3468 523 3504 rec.
550 3453 809 3518 eomplur.
836 3458 885 3504 et
922 3452 1001 3504 ed.
1028 3453 1331 3518 antiquiss„
1370 3466 1480 3503 non
1517 3448 1813 3503 uidebatur
1849 3463 2014 3516 egere
2050 3447 2257 3501 talibus
2283 3449 2353 3517 M,
2380 3451 2574 3516 Aldus,

183 3554 295 3590 non
335 3551 502 3605 egere
537 3535 802 3589 rebantur
839 3535 1043 3590 talibus
1081 3539 1127 3591 Ι.
1155 3538 1223 3591 F.
1255 3538 1581 3603 Gronovius,
1619 3552 1728 3590 non
1767 3551 1932 3604 egere
1968 3534 2194 3588 rebatur
2229 3536 2462 3590 adiectis
2498 3540 2576 3588 ta-

183 3624 335 3678 libus
382 3625 523 3680 Otto.
555 3627 564 3687 Ι
595 3626 678 3678 20.
716 3623 771 3676 hi
812 3624 891 3692 M3
939 3643 1041 3680 om.
1067 3627 1159 3678 rel.
1186 3627 1300 3680 cod.
1326 3625 1413 3692 (B)
1448 3631 1498 3679 et
1534 3625 1614 3678 ed.
1640 3631 1764 3678 aute
1801 3626 2022 3678 Aldum.
2057 3625 2064 3689 Ι
2096 3623 2272 3676 relicti
2317 3631 2448 3676 sunt
2491 3639 2574 3676 ca-

184 3711 316 3764 stris
363 3711 434 3763 M.
469 3713 477 3775 Ι
508 3713 592 3765 21.
630 3710 686 3763 in
723 3710 972 3764 subsidio
1009 3730 1110 3766 om.
1144 3711 1206 3764 B.
1239 3715 1247 3777 Ι
1280 3727 1405 3764 nam
1452 3711 1504 3764 M
1550 3718 1598 3765 et
1641 3713 1889 3766 uouuull.
1925 3712 2039 3767 eod.
2073 3729 2172 3767 rec.
2208 3713 2440 3778 (Voss.);
2475 3725 2576 3763 nec

186 3799 306 3852 eod.
335 3798 584 3867 plerique
632 3797 718 3864 (B)
762 3804 811 3851 et
856 3799 934 3852 ed.
979 3805 1103 3852 aute
1155 3800 1405 3868 Moquut.
1439 3798 1446 3866 Ι
1479 3799 1562 3852 22.
1602 3802 1841 3865 quatuor
1882 3797 1948 3852 B.
1980 3800 1987 3858 Ι
2020 3801 2102 3853 25.
2147 3797 2437 3851 uincentur
2473 3796 2533 3849 B.
2565 3795 2571 3866 Ι
