2925 4278
383 120 468 183 82
866 137 1091 190 LIBER
1128 137 1424 191 xxxvn.
1466 136 1629 189 cAP.
1660 139 1741 193 28.
1769 140 1852 192 29.
1893 136 1964 205 [a.
1992 136 2056 191 U.
2084 152 2128 190 ο.
2157 137 2299 206 564].
2905 34 2910 215 l

383 312 822 395 Polyxenidae
868 312 1335 396 promisissent3
1385 332 1547 394 quae
1593 313 1645 377 si
1693 310 1914 376 eadem
1947 313 2272 377 Romanae
2305 313 2491 378 classi
2521 313 2770 394 darent,

384 407 822 465 revocaturum
870 420 937 464 se
982 420 1023 463 a
1076 401 1484 484 populatione
1544 400 1840 482 militem;
1903 400 1956 463 si
2017 400 2243 480 minus,
2305 419 2419 484 pro
2480 399 2771 465 hostibus

315 505 346 552 3
385 507 493 552 eos
525 486 904 551 habiturum.
955 486 1074 552 hoc
1120 495 1248 550 tam
1296 487 1473 552 triste
1516 506 1885 569 responsum
1935 506 2075 550 cum
2122 487 2507 551 rettulissent
2549 487 2770 571 legati,

383 580 642 638 vocatur
687 575 749 637 in
801 574 1158 637 contionem
1205 593 1244 636 a
1289 572 1765 655 magistratibus
1812 573 2098 656 populus,
2148 581 2233 651 ut,
2282 572 2433 653 quid
2478 581 2766 657 agerent,

314 678 347 724 4
386 662 827 725 consultarent.
921 681 994 724 eo
1040 660 1201 725 forte
1248 659 1351 723 die
1397 658 1829 743 Polyxenidas
1876 679 2017 723 cum
2064 659 2241 742 regia
2301 660 2501 724 classe
2559 680 2598 723 a
2645 660 2769 726 Co·
2845 675 2875 719 5
2913 674 2914 741 l

383 746 656 831 lophone
702 747 1020 830 profectus
1065 754 1400 830 postquam
1461 746 1735 810 movisse
1795 766 1835 809 a
1894 747 2083 810 Samo
2144 748 2461 810 Romanos
2522 746 2772 811 audivit
2913 750 2914 765 ¹

384 841 448 898 et
491 833 573 897 ad
620 834 1041 934 Myonnesum
1086 834 1324 917 piratas
1369 839 1733 933 persecutos
1778 832 2073 897 Teiorum
2119 853 2342 916 agrum
2374 831 2768 917 depopulari,

317 940 348 984 ὁ
388 940 588 983 naves
635 920 700 983 in
746 920 1109 985 Geraestico
1164 927 1347 1021 portu
1407 927 1594 1000 stare,
1656 920 1792 1003 ipse
1853 918 2158 984 adversus
2218 920 2638 1020 Myonnesum
2705 920 2773 984 in

382 1007 589 1070 insula
633 1045 716 1052 —
764 1007 1003 1069 Macrin
1048 1007 1285 1070 nautici
1330 1013 1561 1071 vocant
1606 1045 1684 1052 —-
1734 1026 2001 1070 ancoras
2045 1013 2232 1090 portu
2293 1006 2534 1071 occulto
2596 1006 2768 1071 iecit.
2915 1040 2916 1099 3

315 1112 346 1158 6
383 1091 532 1157 inde
579 1114 660 1158 ex
706 1093 1060 1177 propinquo
1106 1094 1461 1176 explor,ans
1511 1092 1663 1175 quid
1709 1091 1920 1158 hostes
1965 1100 2249 1176 agerent,
2297 1093 2495 1175 primo
2539 1093 2608 1156 in
2642 1114 2772 1156 ma—
2815 1115 2916 1161 10

381 1200 512 1263 gna
557 1200 683 1280 spe·
714 1179 850 1260 fuit,
901 1200 1084 1261 quem
1132 1178 1214 1243 ad
1261 1178 1516 1244 modum
1562 1178 1874 1245 Rhodiam
1922 1180 2189 1243 classem
2233 1179 2318 1243 ad
2350 1180 2610 1245 Samum
2658 1180 2773 1244 cir-

384 1266 721 1331 cumsessis
767 1231 850 1330 ad
898 1268 1137 1331 exitum
1185 1266 1476 1331 faucibus
1521 1273 1736 1350 portus
1783 1273 2232 1350 expugnasset,
2298 1267 2388 1330 sic
2434 1273 2496 1330 et
2542 1267 2773 1331 Roma-

315 1372 341 1416 7
382 1374 527 1417 nam
576 1360 1102 1438 expugnaturum.
1192 1373 1311 1418 nec
1358 1360 1452 1418 est
1498 1352 1820 1417 dissimilis
1862 1359 2089 1417 natura
2120 1353 2271 1417 loci:
2318 1354 2771 1437 promunturiis

382 1441 752 1506 coeuntibus
797 1440 960 1505 inter
1006 1461 1072 1505 se
1119 1440 1207 1504 ita
1254 1439 1567 1504 clauditur
1610 1446 1845 1523 portuS,
1891 1445 1960 1503 ut
2004 1440 2116 1503 vix
2163 1439 2327 1503 duae
2385 1440 2568 1503 simul
2614 1439 2770 1505 inde

314 1544 345 1590 8
385 1547 584 1591 naves
628 1528 874 1611 possint
919 1527 1111 1592 exire.
1207 1525 1399 1614 [inde]
1448 1533 1631 1590 nocte
1690 1545 1999 1609 occupare
2059 1525 2277 1590 fauces
2335 1525 2772 1609 POIyxenidas
2819 1550 2878 1595 15

383 1613 449 1675 in
496 1614 707 1678 animo
756 1613 1050 1694 habebat,
1099 1620 1160 1678 et
1220 1613 1402 1679 denis
1464 1613 1733 1677 navibus
1792 1612 1877 1676 ad
1936 1613 2367 1696 promunturia
2428 1612 2768 1694 stantibuS,

384 1718 544 1781 quae
590 1700 672 1763 ab
722 1707 981 1782 utroque
1028 1720 1218 1765 cornu
1264 1700 1330 1764 in
1375 1701 1575 1764 latera
1634 1699 2003 1764 exeuntium
2064 1700 2321 1763 navium
2385 1706 2769 1783 pugnarent,

383 1806 462 1850 ex
512 1793 722 1851 cetera
769 1787 989 1867 classe,
1035 1787 1195 1851 sicut
1240 1786 1324 1851 ad
1368 1785 1793 1850 Panhormum
1840 1786 2094 1866 fecerat,
2142 1786 2402 1851 armatis
2446 1786 2512 1850 in
2555 1786 2772 1850 littora

312 1894 342 1940 9
382 1873 686 1957 expositis
732 1879 899 1938 terra
943 1873 1227 1954 marique
1273 1874 1458 1937 simul
1518 1872 1731 1938 hostes
1777 1872 2147 1956 opprimere.
2242 1872 2410 1953 quod
2471 1893 2598 1937 non
2664 1893 2769 1936 va-

380 1980 529 2023 num
579 1959 634 2023 ei
685 1960 1012 2024 consilium
1057 1959 1300 2040 fuisset,
1347 1960 1434 2040 ni,
1483 1980 1625 2023 cum
1669 1959 1811 2023 Teii
1854 1958 2132 2023 facturos
2178 1979 2247 2024 se
2277 1959 2588 2043 imperata
2630 1980 2769 2042 pro·
2808 1980 2870 2027 20

380 2046 720 2127 misissent,
767 2046 851 2110 ad
896 2045 1298 2130 accipiendos
1344 2053 1729 2111 commeatus
1774 2046 1981 2129 aptius
2013 2046 2219 2109 visum
2261 2051 2430 2111 esset
2462 2047 2769 2111 Romanis

281 2155 343 2202 10
381 2132 446 2196 in
495 2154 636 2198 eum
685 2141 954 2217 portum,
1004 2133 1111 2216 qui
1155 2142 1304 2199 ante
1365 2133 1586 2197 urbem
1643 2141 1757 2214 est,
1825 2132 2090 2198 classem
2153 2132 2440 2198 transire.
2534 2131 2763 2197 dicitur

382 2226 445 2284 et
490 2220 812 2285 Eudamus
856 2219 1140 2285 Rhodius
1184 2221 1408 2285 vitium
1452 2221 1711 2285 alterius
1755 2226 1969 2304 portus
2022 2218 2391 2299 ostendisse,
2427 2239 2569 2284 cum
2601 2218 2763 2284 forte

279 2329 340 2374 11
382 2305 544 2371 duae
588 2327 786 2372 naves
831 2307 896 2371 in
958 2315 1094 2371 arto
1155 2308 1313 2371 ostio
1373 2307 1712 2392 implicitos
1773 2327 1979 2372 remos
2038 2305 2410 2390 fregissent;
2475 2314 2538 2370 et
2597 2307 2765 2370 inter

378 2393 506 2457 alia
549 2392 615 2456 id
664 2414 909 2476 quoque
955 2394 1152 2459 movit
1207 2402 1581 2478 praetorem,
1630 2400 1698 2458 ut
1744 2392 2099 2458 traduceret
2145 2394 2430 2473 classem,
2462 2392 2631 2474 quod
2678 2392 2762 2457 ab
2803 2414 2870 2461 25

379 2487 544 2544 terra
587 2481 932 2564 periculum
981 2487 1134 2559 erat,
1181 2480 1353 2545 haud
1399 2481 1616 2565 procul
1661 2479 1810 2545 inde
1840 2479 2151 2545 Antiocho
2184 2480 2417 2544 stativa
2460 2478 2760 2544 habente.

314 2591 336 2634 1
377 2567 619 2630 XXIX.
653 2566 973 2632 Traducta
1004 2568 1205 2632 classe
1237 2568 1317 2632 ad
1350 2569 1590 2646 urbem,
1636 2567 1876 2650 ignaris
1921 2566 2212 2631 omnibus
2244 2565 2482 2650 egressi
2528 2565 2765 2630 milites

379 2660 737 2735 nautaeque
783 2661 931 2718 sunt
974 2653 1058 2717 ad
1105 2660 1491 2718 commeatus
1538 2661 1600 2718 et
1645 2655 1862 2717 vinum
1909 2653 2187 2717 maxime
2233 2651 2648 2716 dividendum
2696 2652 2763 2716 in

310 2764 340 2810 2
379 2759 601 2819 naves,
651 2760 790 2803 cum
837 2740 1045 2806 medio
1092 2741 1253 2806 forte
1299 2741 1425 2804 diei
1471 2741 1738 2824 agrestis
1784 2738 2041 2823 quidam
2101 2739 2184 2804 ad
2244 2747 2599 2823 praetorem
2653 2738 2765 2803 ad·

379 2825 603 2889 ductus
646 2827 900 2890 nuntiat
942 2828 1207 2891 alterum
1251 2828 1378 2891 iam
1425 2826 1593 2891 diem
1640 2827 1905 2892 classem
1954 2834 2119 2891 stare
2180 2825 2261 2889 ad
2306 2826 2576 2890 insulam
2632 2826 2765 2890 Ma·
2804 2846 2866 2894 3ο

379 2912 531 2990 crin,
581 2918 642 2976 et
686 2914 874 2996 paulo
919 2920 1066 2977 ante
1113 2913 1285 2979 visas
1332 2913 1637 2995 quasdam
1699 2913 1936 2977 moveri
1996 2919 2317 2994 tamquam
2378 2912 2461 2976 ad
2520 2911 2766 2996 profec-

310 3025 341 3071 3
380 2998 613 3062 tionem
659 3019 877 3063 naves.
956 3019 1024 3063 re
1069 3001 1277 3065 subita
1322 3000 1646 3084 perculsus
1676 3007 1929 3084 praetor
1958 3000 2271 3064 tubicines
2304 3019 2531 3064 canere
2561 2999 2762 3079 iubet,

379 3092 465 3164 ut,
514 3086 568 3150 si
614 3085 722 3166 qui
766 3105 880 3170 per
922 3107 1110 3170 agros
1154 3087 1351 3171 palati
1396 3093 1630 3166 essent,
1692 3085 2002 3169 redirent3
2066 3087 2348 3150 tribunos
2408 3085 2472 3150 in
2535 3085 2765 3150 urbem

306 3198 340 3244 4
377 3172 568 3235 mittit
611 3171 694 3236 ad
742 3172 1059 3255 cogendos
1105 3173 1335 3238 milites
1380 3180 1732 3255 nautasque
1765 3173 1830 3236 in
1861 3192 2076 3237 naves.
2154 3172 2322 3238 haud
2354 3191 2536 3237 secus
2569 3193 2764 3254 quam

376 3364 680 3428 antiquiss„
719 3365 785 3431 cf.
814 3365 894 3417 M.
922 3365 1154 3418 Mueller
1181 3383 1240 3432 p.
1270 3365 1432 3417 VIII.
1467 3365 1474 3429 Ι
1506 3367 1554 3418 3.
1592 3363 1913 3416 retulissent
1946 3363 2006 3416 B.
2043 3364 2050 3429 Ι
2083 3366 2130 3416 7.
2158 3363 2206 3415 ἃ
2231 3376 2630 3431 amyonnesum
2655 3361 2724 3416 B.
2752 3361 2760 3430 Ι

375 3447 610 3499 telorum
659 3464 852 3515 agrum
891 3449 951 3504 B.
982 3454 989 3512 Ι
1023 3453 1070 3506 8.
1108 3449 1164 3503 in
1208 3449 1451 3519 gerestio
1497 3449 1558 3504 B.
1593 3452 1600 3517 Ι
1632 3454 1678 3506 9.
1718 3448 1900 3503 insula
1945 3449 2055 3502 acri
2101 3449 2305 3503 nautici
2350 3449 2412 3502 B.
2446 3450 2453 3515 Ι
2486 3447 2764 3502 anchoras

372 3533 437 3585 B.
471 3536 479 3598 Ι
514 3537 591 3588 12.
629 3540 820 3601 portus
867 3555 967 3592 om.
1001 3537 1064 3590 B.
1099 3540 1106 3603 Ι
1142 3542 1220 3593 14.
1269 3545 1458 3605 portus
1508 3557 1609 3592 om.
1644 3539 1705 3591 B.
1740 3540 1746 3603 Ι
1784 3542 1862 3592 15.
1900 3542 2063 3590 nocte
2109 3539 2186 3591 ed.
2224 3538 2401 3590 Basil.
2428 3539 2565 3589 1535
2604 3535 2764 3601 (M?);

374 3619 497 3672 inde
522 3625 684 3674 nocte
710 3623 824 3676 eod.
853 3630 901 3676 et
937 3625 1015 3677 ed.
1044 3627 1348 3694 antiquiss„
1374 3627 1441 3693 cf.
1472 3627 1552 3679 M.
1581 3627 1811 3679 Mueller
1838 3643 1896 3693 p.
1928 3626 2088 3678 VIII.
2125 3626 2132 3690 Ι
2169 3627 2245 3680 18.
2285 3621 2625 3690 panhornum
2661 3623 2725 3675 B.
2750 3621 2757 3690 Ι

380 3709 459 3762 19.
498 3704 673 3760 hostis
711 3708 1043 3775 opprimeret
1076 3711 1139 3764 B.
1173 3717 1180 3776 Ι
1213 3714 1294 3766 20.
1332 3711 1408 3764 tei
1443 3711 1505 3764 B.
1540 3715 1548 3777 Ι
1580 3715 1662 3766 30.
1702 3711 1772 3764 ad
1809 3712 2043 3764 insulam
2079 3711 2150 3778 M,
2187 3712 2391 3777 Aldus;
2439 3712 2568 3762 ante
2617 3708 2762 3762 insu·

370 3793 487 3846 lam
523 3796 615 3847 rel.
644 3796 755 3849 cod.
783 3794 870 3861 (B)
909 3802 958 3850 et
993 3798 1073 3851 ed.
1091 3800 1267 3867 prior.
1304 3800 1311 3865 Ι
