2925 4278
603 153 827 206 LIBER
862 152 1190 207 xxxviii.
1230 153 1394 206 cAP.
1422 156 1506 208 20.
1534 157 1616 210 21.
1660 154 1726 222 [a.
1755 155 1819 210 U.
1848 171 1891 208 e.
1921 155 2061 223 565}
2404 138 2525 202 143

124 327 210 392 ab
269 346 504 392 occasu
564 327 807 392 aestivo
870 327 1111 410 erigere
1170 348 1419 410 agmen.
1530 333 1592 392 et
1651 328 1850 393 Attali
1910 329 2147 393 auxilia
2216 328 2524 393 trifariam

124 434 335 496 aequo
369 434 631 479 numero
665 413 901 495 divisit,
936 434 1149 479 secum
1182 434 1322 479 esse
1354 415 1562 498 ipsum
1591 415 1887 480 iuvenem
1919 416 2116 481 iussit.
2176 415 2525 497 equitatum
2567 429 2630 476 10

127 521 274 566 cum
347 500 706 602 elephantis
773 500 840 564 in
907 501 1203 585 proxima
1262 501 1519 566 tumulis
1579 502 1842 586 planitie
1903 502 2185 587 reliquit;
2251 502 2526 567 edictum

126 586 494 673 praefectiS,
541 595 609 652 ut
663 587 913 667 intenti,
976 587 1128 669 quid
1172 587 1407 669 ubique
1452 594 1726 671 geratur
1775 588 2287 653 animadvertant
2318 608 2526 672 opem-

64 685 91 730 5
129 694 256 757 que
305 674 490 753 ferre,
539 694 661 755 quo
706 641 980 757 postulet
1035 694 1154 754 reS,
1201 674 1462 757 possint.
1557 675 1737 739 XXI.
1803 675 1967 739 Galli
2013 677 2096 740 ab
2154 675 2399 740 duobus
2443 675 2526 739 la·
2606 692 2623 736 1

128 760 377 827 teribus
423 761 578 825 satis
623 760 894 825 fidentes
938 761 1116 825 invia
1161 780 1321 841 esse,
1368 761 1450 826 ab
1502 781 1578 825 ea
1622 768 1820 845 parte,
1869 782 2031 845 quae
2076 763 2142 826 in
2199 761 2527 826 meridiem

128 852 449 931 vergeret,
496 853 566 911 ut
609 846 801 911 armis
848 846 1214 912 clauderent
1260 848 1449 927 viam,
1500 854 1791 929 quattuor
1844 848 2018 913 milia
2077 848 2210 913 fere
2264 855 2528 913 armato-

128 955 272 999 rum
318 932 404 998 ad
451 933 759 998 tumulum
803 934 1242 998 imminentem
1302 935 1447 999 viae
1505 934 1714 999 minus
1760 934 1931 1000 mille
1992 955 2291 1019 passuum
2347 955 2387 998 a
2432 955 2529 999 ca-

131 1020 281 1086 stris
326 1020 764 1103 occupandum
811 1022 1085 1101 mittunt,
1135 1040 1208 1084 eo
1254 1040 1322 1085 se
1368 1019 1490 1085 rati
1536 1020 1731 1085 veluti
1778 1021 2035 1086 castello
2090 1023 2208 1086 iter
2268 1021 2530 1106 impedi-

48 1120 97 1168 ιο
131 1114 327 1172 turos.
423 1106 592 1188 quod
640 1107 748 1173 ubi
793 1108 1063 1171 Romani
1111 1106 1424 1186 viderunt,
1489 1107 1840 1191 expediunt
1899 1128 2040 1172 sese
2095 1108 2179 1171 ad
2225 1128 2526 1191 pugnam.
2601 1124 2631 1171 2

130 1199 288 1259 ante
335 1193 522 1277 signa
566 1193 810 1258 modico
855 1193 1188 1258 intervallo
1235 1193 1460 1259 velites
1508 1201 1660 1258 eunt
1707 1200 1770 1259 et
1815 1194 1897 1259 ab
1946 1195 2158 1259 Attalo
2190 1195 2530 1260 Cretenses

15 1322 16 1331 .
132 1279 447 1365 sagittarii
497 1286 558 1344 et
603 1279 954 1345 funditores
1001 1287 1063 1344 et
1107 1280 1301 1344 Tralli
1365 1291 1421 1342 et
1467 1280 1819 1365 Thraeces3
1869 1280 2054 1363 signa
2098 1280 2405 1364 peditum,
2460 1287 2531 1345 ut
2603 1298 2633 1345 3

15 1432 16 1435 ,
132 1387 248 1452 pei
293 1366 581 1447 arduum,
629 1367 757 1431 leni
802 1367 1007 1450 gradu
1055 1366 1387 1447 ducuntur,
1450 1367 1541 1431 ita
1585 1387 1738 1451 prae
1785 1388 1854 1432 se
1912 1367 2282 1433 habentium
2328 1374 2528 1448 scuta,

134 1461 204 1518 ut
251 1452 517 1519 missilia
561 1459 807 1517 tantum
855 1454 1148 1533 vitarent,
1195 1452 1360 1536 pede
1416 1453 1642 1518 collato
1698 1474 1825 1517 non
1872 1452 2238 1519 viderentur
2290 1474 2532 1553 pugna-

15 1556 98 1601 15
136 1540 278 1605 turi.
371 1539 716 1604 missilibus
763 1560 843 1603 ex
891 1505 1223 1604 intervallo
1254 1539 1374 1604 loci
1406 1540 1710 1641 proelium
1745 1541 2148 1604 commissum
2179 1546 2294 1621 est,
2329 1542 2530 1624 primo
2604 1558 2636 1605 4

15 1656 18 1687 r
134 1647 270 1711 par,
317 1626 534 1691 Gallos
577 1627 714 1691 loco
760 1625 1123 1706 adiuvante,
1171 1628 1491 1690 Romanos
1535 1626 1843 1691 varietate
1902 1633 1965 1692 et
2010 1626 2192 1711 copia
2236 1628 2530 1711 telorum;

134 1710 520 1797 procedente
567 1713 911 1777 certamine
958 1713 1114 1777 nihil
1159 1713 1289 1776 iam
1319 1713 1507 1794 aequi
1555 1720 1706 1777 erat.
1786 1719 1964 1778 scuta
1993 1714 2206 1798 longa,
2256 1720 2532 1779 ceterum

134 1800 219 1864 ad
265 1798 748 1883 amplitudinem
797 1820 1124 1884 corporum
1171 1820 1391 1883 parum
1453 1801 1603 1880 lata,
1668 1807 1730 1864 et
1776 1821 1853 1864 ea
1895 1800 2038 1884 ipsa
2096 1800 2305 1885 plana,
2368 1802 2533 1865 male

136 1887 440 1970 tegebant
501 1885 731 1950 Gallos.
826 1906 944 1950 nec
1003 1887 1130 1951 tela
1197 1887 1324 1950 iam
1384 1887 1513 1951 alia
1579 1885 1905 1953 habebant
1963 1894 2213 1971 praeter
2266 1886 2531 1970 gladios,
2606 1915 2636 1962 5

15 1988 104 2033 ¹20
142 1993 428 2055 quorum,
492 1992 633 2037 cum
694 1992 952 2036 manum
1013 1972 1211 2038 hostis
1271 1994 1396 2037 non
1462 1980 1837 2054 consereret,
1900 1974 2108 2038 nullus
2166 1994 2316 2039 usus
2379 1979 2530 2038 erat.

137 2060 309 2125 saxis
356 2078 476 2123 nec
522 2058 803 2139 modicis,
850 2066 920 2123 ut
967 2080 1128 2142 quae
1189 2080 1316 2124 non
1362 2067 1868 2145 praeparassent,
1917 2060 2029 2124 sed
2094 2060 2260 2143 quod
2310 2060 2535 2142 cuique
2608 2087 2637 2135 6

136 2154 373 2212 temere
419 2146 762 2228 trepidanti
807 2145 890 2210 ad
937 2167 1192 2211 manum
1239 2148 1540 2227 venisset,
1589 2157 1647 2210 et
1691 2155 1760 2212 ut
1791 2147 2042 2227 insueti,
2077 2167 2195 2211 nec
2234 2153 2371 2211 arte
2418 2167 2535 2211 nec

136 2234 379 2299 viribus
426 2232 805 2298 adiuvantes
848 2234 1063 2313 ictum,
1111 2233 1467 2298 utebantur.
1560 2233 1808 2316 sagittis
1868 2233 2102 2317 glande
2163 2233 2384 2298 iaculis
2445 2234 2536 2297 in·
2610 2263 2638 2310 7

139 2320 307 2385 cauti
358 2317 464 2406 [et]
514 2320 596 2384 ab
644 2320 815 2383 omni
876 2327 1055 2402 parte
1117 2319 1617 2402 configebantur,
1680 2339 1817 2400 nec,
1882 2319 2036 2401 quid
2094 2327 2376 2402 agerent,
2438 2320 2536 2383 ira

53 2419 105 2468 25
139 2414 199 2472 et
246 2426 485 2491 pavore
532 2407 881 2471 occaecatis
935 2405 1165 2469 animis
1215 2406 1593 2489 cernebant3
1644 2412 1704 2469 et
1751 2413 1930 2470 erant
1961 2405 2258 2490 deprensi
2298 2425 2534 2489 genere

134 2513 411 2577 pugnae,
459 2492 524 2556 in
574 2492 741 2574 quod
787 2492 1045 2557 minime
1091 2492 1225 2575 apti
1272 2499 1434 2556 sunt.
1508 2513 1655 2555 nam
1703 2491 2235 2573 quemadmodum
2283 2493 2533 2557 commi·
2606 2505 2637 2552 8

134 2600 272 2660 nus,
321 2579 431 2644 ubi
478 2578 544 2643 in
591 2579 795 2643 vicem
842 2577 974 2662 pati
1021 2585 1083 2642 et
1130 2577 1361 2643 inferre
1407 2580 1671 2643 vulnera
1717 2578 1882 2659 licet,
1930 2578 2221 2643 accendit
2267 2579 2359 2642 ira
2403 2580 2532 2642 ani-

134 2686 271 2731 mos
319 2685 555 2744 eorum,
597 2665 706 2746 ita,
755 2664 863 2729 ubi
912 2685 991 2728 ex
1040 2665 1282 2729 occulto
1331 2671 1392 2728 et
1438 2665 1657 2749 procul
1701 2665 1951 2730 levibus
2011 2665 2153 2731 telis
2198 2666 2530 2730 vulneran-

133 2760 252 2834 tur,
301 2771 442 2831 nec,
492 2772 614 2832 quo
660 2758 845 2815 ruant
892 2772 1082 2816 caeco
1129 2752 1388 2835 impetu,
1437 2751 1693 2832 habent,
1742 2752 1916 2816 velut
1962 2751 2135 2816 ferae
2181 2752 2532 2816 transfixae

49 2853 103 2898 30
135 2840 199 2903 in
246 2859 397 2904 suos
442 2843 676 2904 temere
724 2838 1067 2903 incurrunt.
1163 2837 1503 2922 detegebat
1550 2838 1813 2902 vulnera
1860 2858 2096 2919 eorum,
2161 2837 2329 2920 quod
2375 2837 2529 2902 nudi
2604 2850 2633 2897 9

343 3031 393 3083 4.
432 3025 508 3095 qd
544 3026 753 3095 ubique
790 3028 852 3080 B.
888 3030 895 3094 Ι
928 3031 974 3082 5.
1012 3032 1239 3095 possent
1275 3029 1457 3092 Harl„
1488 3033 1785 3096 properent
1808 3030 1889 3083 ed.
1915 3035 2009 3083 vet.
2037 3046 2171 3098 quas
2196 3028 2312 3084 vidi
2337 3046 2533 3097 omnes,

136 3116 545 3182 Drakenborch,
590 3116 966 3169 Weissenborn
998 3116 1076 3169 ed.
1120 3116 1316 3169 Teubn.
1351 3116 1357 3183 Ι
1391 3113 1462 3168 ab
1508 3113 1728 3168 duobus
1765 3115 1900 3169 Lov.
1933 3119 1986 3183 2,
2022 3116 2100 3168 ed.
2128 3115 2353 3169 Mediol.
2379 3118 2534 3183 1505,

138 3205 319 3258 Pcm’s.
345 3205 515 3268 1513;
550 3204 608 3253 et
642 3199 714 3254 ab
753 3199 972 3254 duobus
1007 3202 1122 3257 cod.
1145 3203 1390 3271 plerique
1417 3202 1505 3267 (B)
1532 3209 1581 3255 et
1616 3203 1697 3256 ed.
1725 3203 2026 3270 antiquiss„
2065 3205 2122 3253 et
2149 3221 2175 3251 20<
2205 3198 2276 3253 ab
2316 3199 2535 3253 duobus

146 3290 540 3353 Weissenborn,
568 3292 625 3340 et
648 3286 719 3340 ab
746 3291 905 3355 tergo
940 3291 996 3340 et
1032 3286 1102 3340 ab
1134 3286 1353 3341 duobus
1380 3289 1564 3342 Hertz.
1599 3291 1606 3352 Ι
1639 3291 1688 3342 9.
1714 3287 1883 3340 mittit
1906 3287 1968 3341 B.
2000 3289 2007 3352 Ι
2045 3289 2125 3342 12.
2153 3286 2400 3355 sagitarii
2436 3287 2496 3340 B.
2524 3287 2529 3358 Ι

137 3375 307 3430 Tralli
327 3379 386 3429 et
397 3374 639 3428 Thraces
654 3381 780 3439 „vet.
794 3376 916 3429 libst‘
936 3376 1141 3444 Siyon„
1162 3373 1338 3427 trallis
1363 3373 1580 3442 threces
1592 3373 1653 3442 B,
1668 3372 1859 3427 tralles
1880 3378 1935 3427 et
1955 3372 2173 3426 thraces
2187 3374 2349 3428 Harl.
2356 3372 2535 3441 ‚Tral-

138 3463 203 3518 lis
229 3468 287 3517 et
311 3461 591 3516 Thraeces
620 3463 802 3517 Hertz.
836 3464 843 3528 Ι
880 3463 959 3517 18.
985 3460 1129 3514 male
1166 3479 1266 3517 om.
1298 3460 1358 3513 B.
1391 3463 1400 3526 Ι
1431 3464 1515 3517 20.
1542 3476 1706 3515 manu
1731 3460 1792 3514 B.
1827 3463 1835 3528 Ι
1868 3463 1951 3515 22.
1990 3464 2195 3513 temere
2231 3459 2303 3528 M,
2328 3461 2535 3523 Aldus,·

137 3569 239 3606 om.
266 3552 362 3605 rel.
390 3550 506 3605 cod.
535 3548 622 3615 (B)
657 3556 706 3603 et
741 3549 822 3603 ed.
840 3550 1018 3618 prior.
1052 3552 1059 3608 1
1092 3552 1149 3601 et
1183 3551 1247 3600 ut
1276 3548 1517 3616 Crevier;
1552 3552 1615 3600 ut
1648 3549 1761 3603 cod.
1795 3551 1803 3615 Ι
1834 3562 1936 3600 nec
1961 3553 2079 3600 arte
2104 3565 2205 3603 om.
2230 3546 2293 3600 B.
2329 3550 2335 3613 Ι
2367 3550 2449 3602 24.
2479 3549 2537 3600 et

140 3639 240 3693 del.
274 3639 356 3692 ed.
386 3637 563 3691 Basil.
589 3639 742 3690 1535.
775 3638 784 3701 Ι
816 3633 1247 3688 conficiebantur
1292 3634 1353 3687 B.
1388 3637 1396 3702 Ι
1428 3637 1511 3690 26.
1559 3634 1808 3688 cominus
1854 3633 2144 3688 subinuie‘e
2187 3633 2249 3688 B.
2284 3636 2291 3697 Ι
2326 3637 2409 3690 27.
2457 3633 2535 3687 in-

139 3722 269 3777 ferri
302 3723 366 3777 B.
401 3725 408 3789 Ι
440 3725 524 3778 29.
563 3720 773 3775 habent
808 3741 910 3778 om.
937 3721 998 3775 Β.
1034 3722 1040 3789 Ι
1073 3724 1156 3776 30.
1195 3719 1501 3791 detegebat
1537 3723 1673 3778 Lov.
1697 3727 1749 3790 2,
1776 3723 1856 3776 ed.
1880 3728 2006 3785 vet.‚·
2043 3720 2383 3790 detegebant
2417 3721 2533 3776 eod.

132 3811 380 3880 plerique
415 3809 518 3877 (B),
556 3807 963 3877 detegebantur
1000 3810 1137 3865 coni.
1174 3809 1551 3865 Weissenborn
1587 3810 1667 3863 ed.
1699 3810 1896 3863 Tenbn.
1915 3812 2096 3878 praef.
2130 3811 2139 3875 Ι
