2925 4278
626 163 850 216 LIBER
886 163 1184 217 XXXVII.
1224 163 1389 218 CAP.
1417 166 1501 217 47.
1529 166 1611 218 48.
1654 163 1725 231 [a.
1754 163 1819 218 U.
1847 179 1893 217 c.
1919 165 2063 232 564}
2238 150 2241 153 ’
2414 146 2537 209 103

158 338 310 403 duae
359 339 426 403 in
474 360 715 421 agrum,
765 339 872 420 qui
919 339 1211 403 Boiorum
1258 337 1502 419 fuisset,
1553 337 2031 418 deducerentur,
2081 346 2144 403 et
2190 339 2426 403 rettulit
2471 346 2534 403 et

157 435 402 492 auctore
452 447 525 491 eo
571 435 784 508 patres
830 434 1226 491 censuerunt.

352 512 598 578 Eodem
645 520 925 595 tempore
974 514 1217 577 litterae
1262 513 1332 576 L.
1367 512 1620 576 Aemilii
1667 511 1973 594 praetoris
2019 511 2248 576 allatae
2304 510 2385 575 de
2431 533 2537 575 na·
2577 524 2605 570 3

153 599 270 663 vali
319 620 539 682 pugna
583 598 666 662 ad
712 600 1132 682 Myonnesum
1198 600 1388 679 facta,
1455 607 1519 663 et
1564 600 1632 662 L.
1670 599 2031 681 Scipionem
2091 598 2413 663 consulem
2471 599 2535 661 in

91 710 119 755 5
153 686 363 751 Asiam
414 686 761 750 exercitum
808 686 1146 751 traiecisse.
1226 687 1527 750 victoriae
1570 685 1816 749 navalis
1863 705 2011 768 ergo
2042 685 2109 748 in
2141 685 2308 748 diem
2340 705 2534 748 unum
2574 699 2605 745 4

156 773 521 856 supplicatio
569 771 824 837 decreta
870 780 993 853 est3
1042 774 1107 836 in
1153 772 1420 836 alterum
1469 772 1657 852 diem,
1705 771 1873 854 quod
1935 772 2252 837 exercitus
2315 773 2536 835 Roma-

156 880 266 924 nus
311 865 445 923 tum
493 860 765 942 primum
821 860 885 923 in
932 859 1085 923 Asia
1132 860 1446 943 posuisset
1493 868 1718 939 castra,
1775 866 1843 922 ut
1889 879 1966 923 ea
2009 879 2111 923 res
2142 878 2443 942 prospera
2474 865 2538 922 et

154 947 313 1010 laeta
362 947 666 1010 eveniret.
758 946 1001 1020 vicenis
1062 947 1403 1010 maioribus
1468 946 1688 1011 hostiis
1748 947 1813 1009 in
1875 946 2158 1029 singulas
2228 945 2535 1029 supplica·
2573 959 2602 1004 5

153 1034 352 1098 tiones
399 1032 754 1097 sacrificare
801 1033 1018 1097 consul
1065 1041 1160 1098 est
1206 1034 1430 1098 iussus.
1522 1033 1671 1097 inde
1723 1032 2074 1097 consularia
2113 1033 2367 1097 comitia
2412 1052 2536 1095 ma·
2575 1044 2605 1090 6

65 1142 116 1189 10
150 1140 275 1204 gna
321 1120 724 1183 contentione
776 1118 1013 1183 habita.
1105 1120 1186 1183 M.
1238 1120 1546 1185 Aemilius
1604 1120 1885 1204 Lepidus
1946 1121 2205 1201 petebat
2264 1117 2539 1183 adversa

152 1206 430 1273 omnium
477 1205 668 1285 fama,
717 1205 886 1288 quod
931 1207 1322 1288 provinciam
1370 1206 1652 1272 Siciliam
1701 1205 1958 1291 petendi
2005 1225 2198 1270 causa
2236 1227 2364 1269 non
2397 1226 2536 1269 con-

151 1294 309 1359 sulto
358 1299 603 1371 senatu,
651 1301 720 1357 ut
767 1293 886 1357 sibi
932 1292 999 1356 id
1043 1293 1254 1357 facere
1300 1293 1538 1371 liceret,
1585 1294 1960 1374 reliquisset.
2040 1294 2348 1375 petebant
2391 1312 2534 1355 cum
2577 1304 2604 1350 7

152 1399 220 1444 eo
266 1380 349 1444 M.
386 1380 650 1443 Fulvius
694 1380 981 1445 Nobilior
1029 1380 1140 1446 Cn.
1175 1380 1450 1444 Manlius
1510 1380 1705 1441 Vulso
1751 1380 1832 1443 M.
1869 1379 2158 1444 Valerius
2222 1378 2533 1443 Messalla..

149 1467 411 1530 Fulvius
459 1466 672 1530 consul
721 1486 882 1531 unus
929 1476 1191 1545 creatur,
1226 1486 1369 1530 cum
1403 1467 1592 1531 ceteri
1629 1466 1944 1531 centurias
1976 1487 2103 1529 non
2137 1466 2535 1549 explessent3

62 1575 115 1621 15
149 1554 326 1634 isque
374 1561 623 1635 postero
671 1552 775 1617 die
824 1554 937 1618 On.
971 1553 1275 1616 Manlium
1319 1553 1562 1637 Lepido
1609 1552 1853 1617 deiecto
1916 1590 2000 1600 —
2047 1573 2196 1616 nam
2241 1552 2538 1617 Messalla

148 1640 340 1703 iacuit
385 1676 471 1686 -—
517 1640 824 1721 collegam
872 1639 1050 1704 dixit.
1144 1647 1467 1722 praetores
1529 1639 1762 1704 exinde
1823 1640 1975 1703 facti
2037 1639 2163 1704 duo
2210 1638 2283 1715 Q.
2329 1639 2604 1720 Fabii,.8

148 1726 363 1791 Labeo
410 1732 473 1790 et
518 1727 728 1791 Pictor
771 1764 858 1772 —
902 1726 1114 1791 Pictor
1157 1725 1387 1790 flamen
1422 1725 1766 1801 Quirinalis
1813 1748 1887 1791 eo
1919 1747 2088 1789 anno
2121 1726 2536 1809 inauguratus

147 1813 355 1878 fuerat
402 1851 504 1890 —,
552 1813 631 1877 Μ.
669 1812 1079 1896 Sempronius
1140 1812 1497 1877 Tuditanus
1558 1813 1666 1897 Sp.
1716 1813 2076 1878 Postumius
2135 1813 2406 1877 Albinus
2462 1814 2532 1876 L.

147 1900 431 1964 Plautius
476 1901 817 1984 Hypsaeus
862 1900 931 1963 L.
965 1899 1241 1964 Baebius
1286 1900 1503 1964 Dives.

59 2007 113 2053 ‘20
354 1987 647 2051 XLVIII.
706 1988 785 2050 M.
822 1986 1043 2050 Fulvio
1097 1986 1424 2052 Nobiliore
1487 1994 1549 2051 et
1612 1987 1725 2052 Cn.
1762 1987 1994 2050 Manlio
2058 1986 2337 2050 Vulsone
2398 2005 2537 2049 con·
2578 2000 2603 2045 1

147 2074 390 2139 sulibus
438 2073 726 2138 Valerius
794 2074 1021 2138 Antias
1089 2080 1308 2137 auctor
1376 2079 1472 2138 est
1538 2094 1847 2138 rumorem
1921 2073 2232 2137 celebrem
2300 2074 2539 2135 Romae

145 2161 347 2226 fuisse
394 2168 458 2224 et
518 2181 723 2243 paene
768 2181 882 2244 pro
944 2167 1112 2226 certo
1170 2160 1479 2242 habitum,
1539 2160 1885 2244 recipiendi
1948 2161 2263 2243 Scipionis
2328 2159 2536 2223 adule-
2576 2175 2605 2219 2

147 2248 384 2313 scentis
432 2267 626 2312 causa
672 2248 991 2312 consulem
1037 2248 1106 2311 L.
1143 2247 1505 2331 Scipionem
1550 2254 1613 2312 et
1660 2268 1800 2311 cum
1848 2268 1923 2311 eo
1954 2248 2022 2310 P.
2057 2246 2427 2310 Africanum
2474 2246 2539 2309 in

150 2333 530 2416 colloquium
578 2341 874 2399 evocatos
919 2335 1089 2417 regis
1136 2341 1198 2399 et
1245 2335 1415 2417 ipsos
1464 2333 1951 2418 comprehensos
1984 2353 2143 2412 esse,
2178 2340 2241 2397 et
2270 2332 2538 2397 ducibus
2576 2347 2607 2394 3

59 2441 117 2489 25
151 2423 354 2506 captis
403 2420 733 2486 confestim
782 2420 866 2483 ad
913 2428 1121 2485 castra
1164 2423 1451 2485 Romana
1499 2421 1843 2485 exercitum
1891 2419 2169 2500 ductum,
2203 2439 2401 2500 eaque
2435 2440 2538 2483 ex-

150 2516 437 2593 pugnata
504 2515 567 2571 et
628 2507 869 2572 deletas
929 2527 1150 2572 omnes
1215 2508 1429 2590 copias
1490 2509 1917 2571 Romanorum
1978 2526 2134 2571 esse.
2229 2507 2308 2571 ob
2378 2506 2537 2568 haec
2572 2520 2606 2566 4

146 2595 406 2660 Aetolos
452 2594 778 2659 sustulisse
824 2594 1068 2659 animos
1114 2602 1176 2657 et
1221 2594 1522 2659 abnuisse
1566 2594 1876 2678 imperata
1921 2593 2150 2674 facere,
2200 2593 2535 2676 principes-

362 2788 407 2839 1.
434 2783 671 2837 fuissent
696 2784 756 2838 B.
790 2785 797 2851 Ι
830 2783 1232 2837 deducerentur
1256 2786 1326 2853 M,
1366 2787 1499 2840 Lov.
1528 2791 1576 2849 1,
1602 2790 1651 2851 3,
1690 2786 1869 2839 Aldus
1880 2805 1897 2850 ,·
1933 2783 2266 2836 ducerentur
2302 2785 2391 2837 rel.
2420 2783 2535 2838 eod.

147 2871 233 2938 (B)
281 2879 333 2926 et
373 2873 454 2924 ed.
481 2873 656 2940 prior.
692 2876 699 2933 Ι
732 2871 779 2923 ἃ
824 2871 1013 2924 retulit
1062 2871 1122 2924 B.
1156 2873 1164 2936 Ι
1198 2874 1244 2925 2.
1292 2880 1621 2924 censuerant
1666 2871 1725 2923 B.
1760 2873 1767 2936 Ι
1801 2873 1849 2926 3.
1886 2870 2078 2923 literae
2121 2870 2182 2923 B.
2216 2872 2223 2934 Ι
2255 2873 2303 2925 8.
2341 2868 2536 2921 uicinis

143 2958 204 3012 B.
239 2963 246 3023 Ι
283 2961 365 3013 10.
394 2957 627 3010 adversa
664 2956 903 3010 omnium
941 2956 1088 3010 fama
1114 2959 1226 3013 eod.
1257 2958 1341 3025 (B)
1366 2965 1414 3012 et
1458 2960 1536 3012 ed.
1566 2959 1854 3027 antiquiss.
1866 2977 1884 3025 ;
1919 2956 2153 3010 adversa
2190 2955 2336 3009 fama
2372 2954 2537 3008 homi-

143 3061 277 3098 num
317 3047 398 3099 ed.
425 3047 603 3099 Basil.
630 3049 785 3110 1535,
830 3048 899 3110 ef.
927 3046 1005 3097 M.
1035 3046 1265 3099 Mueller
1296 3047 1475 3112 praef.
1494 3063 1552 3113 p.
1575 3045 1685 3098 IX.
1719 3046 1727 3109 Ι
1764 3046 1842 3100 12.
1879 3051 2106 3097 senatus
2144 3043 2204 3096 B.
2239 3048 2246 3105 Ι
2278 3023 2538 3111 τθᾷεἰεεεῒ

142 3130 205 3183 Β.
239 3134 248 3198 Ι
285 3135 367 3186 13.
405 3131 586 3185 Vulso
622 3133 722 3198 (vel
757 3130 953 3196 Volso)
990 3133 1116 3185 add.
1143 3133 1222 3186 ed.
1251 3133 1474 3187 Mediol.
1504 3137 1656 3199 1480,
1696 3133 1827 3186 Par.
1856 3136 1994 3185 1510
2030 3139 2076 3185 et
2112 3148 2216 3199 seq.
2251 3133 2258 3193 Ι
2294 3134 2372 3184 15.
2411 3144 2536 3180 nam

144 3237 245 3272 om.
275 3218 337 3270 B.
364 3217 369 3286 Ι
396 3218 632 3270 messala
657 3218 718 3271 B.
745 3216 750 3287 Ι
781 3221 857 3273 16.
886 3217 1056 3270 iacuit
1082 3219 1192 3272 eod.
1211 3220 1454 3286 plerique
1479 3218 1561 3284 (B,
1582 3220 1752 3285 Voss.)
1777 3225 1826 3272 et
1862 3219 1939 3272 ed.
1963 3220 2265 3286 antiquiss,
2292 3219 2361 3284 ef.
2374 3216 2537 3269 Mad·

144 3307 235 3374 vigy
276 3306 406 3358 Em.
441 3306 506 3358 L.
538 3323 595 3373 p.
624 3310 753 3371 534;
798 3303 971 3358 tacuit
1005 3306 1252 3359 nonnull.
1293 3306 1406 3358 eod.
1441 3323 1560 3370 reo,
1595 3307 1673 3359 ed.
1696 3307 1821 3359 Ven.
1848 3309 1999 3358 1498.
2033 3307 2040 3368 Ι
2072 3302 2345 3371 collegam
2382 3301 2539 3354 duxit

144 3389 191 3442 B
238 3398 291 3445 et
335 3392 451 3446 eod.
476 3409 576 3445 ree.
599 3394 858 3460 plerique.
891 3393 898 3457 Ι
936 3394 1014 3445 17.
1053 3390 1510 3444 Pictor—Pictor
1544 3391 1643 3458 B?‚
1689 3393 2080 3456 Weissenborn,
2125 3394 2193 3459 cf.
2219 3392 2297 3444 ed.
2338 3390 2537 3443 Teubu.

136 3480 322 3545 praef.
351 3495 409 3546 p.
438 3478 608 3531 XXI
611 3498 629 3544 ,-
663 3477 840 3545 pictor
875 3479 987 3533 eod.
1015 3496 1115 3533 ree.
1142 3484 1190 3531 et
1226 3479 1304 3531 ed.
1332 3485 1446 3545 vet„
1477 3476 1837 3531 Pictor—hic
1862 3480 1999 3533 eoui.
2036 3478 2261 3532 Crevier.
2295 3483 2303 3543 Ι
2338 3480 2418 3532 18.
2447 3475 2537 3543 Sp.

137 3567 318 3633 pauci
355 3566 469 3619 eod.
497 3583 596 3619 ree.
625 3566 781 3630 (Lov.
807 3568 879 3632 2),
918 3567 996 3619 ed.
1024 3567 1200 3620 Basil.
1228 3570 1394 3630 1535,·
1432 3568 1464 3619 l.
1494 3567 1608 3620 eod.
1628 3567 1872 3633 plerique
1909 3565 1993 3632 (B)
2031 3572 2080 3619 et
2117 3567 2196 3618 ed.
2217 3567 2391 3634 prior.
2418 3563 2423 3633 1
2448 3579 2540 3632 po-

145 3652 369 3705 stimius
406 3652 469 3705 B.
503 3654 510 3717 1
543 3652 602 3705 L.
625 3651 875 3705 Plautius
912 3652 1207 3721 Hypsaeus
1233 3671 1333 3707 om.
1359 3652 1404 3704 B
1430 3660 1480 3706 et
1504 3655 1747 3706 nonnull.
1771 3653 2230 3719 eod.ree.(Voss.).
2266 3655 2275 3717 Ι
2311 3655 2388 3706 19.
2415 3651 2542 3704 bae·

146 3737 278 3792 uius
325 3739 388 3792 B.
422 3739 544 3806 120.
593 3739 822 3791 uolsone
868 3738 930 3791 B.
963 3743 970 3804 Ι
1004 3742 1087 3793 26.
1134 3738 1309 3791 omnis
1357 3738 1418 3791 B.
1453 3741 1576 3804 127.
1623 3738 1891 3806 imperata
1944 3738 2017 3807 Μ,
2062 3741 2273 3806 Aldus‚·
2316 3737 2548 3806 imperia.

151 3826 411 3894 (imperta
448 3827 549 3893 Br)
585 3829 676 3880 rel.
706 3828 821 3882 eod.
846 3835 895 3880 et
931 3827 1009 3881 ed.
1037 3827 1325 3895 antiquiss·
1358 3829 1367 3887 Ι
