2925 4278
614 157 837 211 LIBER
876 158 1130 212 xxxvl.
1162 158 1335 212 CAP.
1362 162 1446 213 43.
1474 162 1557 213 44.
1597 161 1670 226 [a.
1697 160 1762 214 U.
1790 175 1834 213 ο.
1862 159 2003 228 563}
2413 142 2496 204 47

106 338 170 395 ut
210 337 446 416 pacata
493 331 708 395 omnia
754 331 923 394 circa
968 350 1037 396 se
1084 330 1534 412 relinquentes,
1583 331 1742 395 nihil
1788 338 2040 414 praeter
2099 331 2364 396 militem
2409 337 2499 395 at-

108 438 221 498 que
272 438 458 481 arma
517 417 864 482 habituras.
959 417 1225 480 multum
1285 417 1479 482 etiam
1539 417 1897 482 adiuturam
1957 418 2247 481 notitiam
2307 418 2500 482 maris

113 513 540 584 terrarumque
602 511 666 568 et
709 511 1061 583 ventorum,
1114 524 1275 584 quae
1323 503 1538 568 omnia
1582 504 1839 585 ignaros
1896 505 2225 568 turbatura
2283 504 2499 569 hostes

112 597 331 655 essent.
428 590 630 654 movit
674 609 895 654 omnes
940 599 1159 653 auctor
1203 590 1469 669 consilii,
1518 591 1625 671 qui
1688 600 1752 655 et
1795 611 1864 655 re
1926 590 2255 654 consilium
2321 609 2498 655 exse-

22 694 74 739 15
111 683 357 741 cuturus
405 685 559 740 erat.
651 675 916 740 biduum
960 676 1026 739 in
1073 683 1380 759 apparatu
1427 676 1653 740 morati
1699 677 1883 741 tertio
1930 676 2033 741 die
2081 682 2333 740 centum
2394 697 2499 740 na-

108 764 306 841 vibus,
354 782 626 843 quarum
672 763 1077 845 septuaginta
1136 768 1364 843 tectae,
1428 770 1679 827 ceterae
1723 769 2004 845 apertae,
2069 762 2329 827 minoris
2374 783 2499 827 om-

111 869 216 914 nes
259 849 503 913 formae
549 854 749 928 erant,
796 848 1062 931 profecti
1121 848 1480 913 Phocaeam
1542 849 1875 932 petierunt.
1969 848 2141 930 inde,
2207 869 2350 913 cum
2395 870 2500 913 au·

111 936 299 1000 disset
344 935 858 1017 appropinquare
905 935 1031 998 iam
1070 936 1422 998 Romanam
1471 935 1758 1015 classem,
1806 956 1941 1015 rex,
1975 936 2125 1016 quia
2154 955 2283 999 non
2312 935 2499 1001 inter-

109 1022 349 1085 futurus
397 1021 610 1084 navali
658 1021 985 1085 certamini
1033 1027 1186 1102 erat,
1235 1022 1654 1103 Magnesiam,
1703 1042 1866 1102 quae
1912 1021 1995 1085 ad
2041 1022 2335 1104 Sipylum
2381 1028 2497 1102 est,

22 1123 78 1169 io
112 1107 419 1173 concessit
470 1106 553 1170 ad
585 1114 916 1171 terrestres
949 1107 1162 1189 copias
1194 1107 1673 1192 comparandas.
1753 1109 1974 1172 classis
2013 1108 2098 1172 ad
2143 1109 2502 1174 Cissuntem

110 1202 355 1278 portum
416 1192 932 1275 Erythraeorum,
995 1200 1318 1274 tamquam
1380 1194 1471 1258 ibi
1515 1194 1728 1277 aptius
1775 1200 2189 1278 expectatura
2232 1194 2499 1274 hostem,

111 1279 453 1345 contendit.
546 1279 836 1357 Romani,
899 1279 1007 1343 ubi
1070 1280 1340 1362 primum
1407 1281 1740 1361 aquilones
1807 1318 1892 1325 —
1951 1281 1997 1343 ii
2056 1300 2332 1361 namque
2387 1300 2502 1363 per

57 1407 61 1411 -
107 1366 343 1447 aliquot
390 1364 528 1429 dies
574 1372 910 1430 tenuerant
969 1403 1054 1410 —
1116 1366 1501 1447 ceciderunt,
1562 1368 1644 1431 ab
1705 1367 1867 1431 Delo
1913 1365 2188 1446 Phanas,
2252 1373 2502 1449 portum

110 1452 408 1518 Chiorum
452 1452 519 1514 in
564 1452 893 1534 Aegaeum
938 1472 1111 1516 mare
1156 1472 1430 1533 versum,
1479 1458 1735 1535 petunt3
1783 1452 1934 1517 inde
1978 1451 2062 1516 ad
2122 1452 2346 1517 urbem
2392 1453 2503 1516 cir-

22 1552 74 1603 15
108 1557 443 1622 cumegere
487 1558 706 1618 naves,
757 1545 1236 1618 commeatuque
1282 1547 1534 1621 sumpto
1580 1538 1940 1602 Phocaeam
1972 1538 2287 1603 traiciunt.
2381 1539 2499 1602 Eu-

108 1645 322 1690 menes
367 1624 632 1688 Elaeam
663 1624 748 1688 ad
780 1644 957 1688 suam
991 1626 1258 1689 classem
1290 1625 1631 1709 profectus,
1664 1625 1886 1708 paucis
1917 1632 2061 1708 post
2090 1624 2241 1689 inde
2272 1624 2501 1690 diebus

109 1732 245 1775 cum
295 1716 592 1792 quattuor
651 1716 714 1774 et
775 1711 1003 1793 viginti
1065 1711 1339 1775 navibus
1400 1711 1604 1790 tectis,
1666 1712 1904 1794 apertis
1968 1712 2254 1796 pluribus
2313 1712 2504 1794 paulo

108 1797 461 1861 Phocaeam
524 1796 606 1860 ad
665 1799 985 1861 Romanos
1045 1803 1346 1879 parantes
1406 1798 1919 1878 instruentesque
1991 1818 2060 1862 se
2128 1797 2212 1861 ad
2272 1798 2503 1863 navale

108 1892 425 1947 certamen
491 1882 717 1947 rediit·
789 1882 939 1947 inde
1002 1889 1255 1947 centum
1311 1884 1591 1965 quinque
1652 1884 1837 1949 tectis
1906 1884 2197 1962 navibUS,
2265 1884 2502 1968 apertis

24 1982 79 2030 20
111 1969 305 2034 ferme
353 1970 821 2052 quinquaginta
866 1970 1155 2052 profecti,
1203 1969 1405 2051 primo
1450 1970 1857 2050 aquilonibus
1916 1969 2297 2034 transversis
2358 1989 2502 2033 cum

111 2064 479 2139 urgerentur
522 2056 590 2118 in
636 2061 889 2135 terram,
939 2055 1328 2138 cogebantur
1373 2057 1550 2119 tenui
1600 2057 1860 2137 agmine
1890 2076 2087 2139 prope
2118 2056 2183 2119 in
2216 2055 2504 2121 ordinem

107 2143 396 2227 singulae
441 2163 642 2208 naves
687 2143 813 2225 ire;
862 2142 1115 2222 deinde,
1163 2149 1233 2206 ut
1276 2143 1475 2207 lenita
1520 2143 1845 2226 paululum
1892 2143 1989 2208 vis
2034 2143 2210 2207 venti
2257 2149 2373 2223 est,
2419 2142 2504 2206 ad

109 2230 422 2312 Corycum
469 2236 740 2311 portum,
789 2229 896 2310 qui
943 2249 1132 2313 super
1180 2228 1542 2294 Cissuntem
1590 2235 1705 2309 est,
1754 2230 1962 2293 conati
2024 2236 2171 2294 sunt
2216 2230 2500 2294 traicere.

105 2316 332 2380 XLIV.
384 2315 841 2397 Polyxenidas,
889 2321 959 2378 ut
1003 2315 1515 2399 appropinquare
1561 2314 1779 2380 hostes
1838 2315 2099 2379 allatum
2160 2323 2273 2395 est,
2330 2335 2503 2379 occa-

22 2413 75 2461 25
108 2402 282 2467 sione
328 2401 662 2485 pugnandi
707 2401 912 2465 laetus
972 2401 1297 2465 sinistrum
1360 2402 1499 2483 ipse
1560 2421 1755 2466 cornu
1814 2401 1882 2464 in
1941 2402 2137 2465 altum
2195 2399 2501 2480 extendit,

107 2487 399 2551 dextrum
447 2507 642 2551 cornu
688 2486 1046 2573 praefectos
1093 2488 1351 2552 navium
1396 2487 1483 2551 ad
1543 2495 1774 2552 terram
1821 2487 2141 2570 explicare
2186 2487 2380 2566 iubet,
2441 2492 2504 2550 et

313 2682 361 2732 1.
410 2692 472 2729 se
517 2677 616 2730 del.
652 2678 699 2730 I.
727 2677 796 2730 F.
827 2677 1153 2732 Gronovius.
1186 2679 1194 2740 Ι
1226 2676 1586 2743 relinquentis
1631 2676 1693 2729 B.
1727 2678 1735 2742 Ι
1767 2679 1815 2731 4.
1855 2675 2030 2729 omnis
2067 2675 2130 2728 B.
2164 2674 2171 2745 Ι
2205 2680 2252 2730 7.
2290 2674 2504 2743 phoce‘a

104 2762 163 2815 B.
196 2766 204 2830 Ι
235 2766 286 2818 9.
336 2762 524 2831 sypilfi
560 2762 622 2815 Β.
656 2764 664 2828 Ι
700 2766 779 2817 10.
828 2762 1105 2816 terrestris
1142 2762 1204 2815 B.
1239 2765 1246 2828 Ι
1283 2765 1364 2817 11.
1411 2762 1803 2830 aerytheorum
1840 2762 1903 2816 Β.
1937 2764 1945 2828 Ι
1981 2765 2061 2818 12.
2110 2762 2167 2816 1ιί
2203 2778 2393 2831 namq3
2438 2762 2502 2830 B,

105 2848 209 2902 duo
265 2850 371 2916 (II)
428 2864 667 2917 namque
721 2851 838 2904 eod.
874 2868 974 2904 ree.
1011 2857 1060 2903 et
1106 2851 1185 2904 ed.
1220 2851 1510 2917 antiquiss,
1553 2850 1561 2917 Ι
1604 2852 1685 2904 13.
1732 2852 2027 2902 tenuerant
2074 2880 2138 2888 —
2185 2849 2504 2902 ceciderunt

104 2937 494 2990 Drakenborch
530 2938 593 2989 in
629 2937 789 3002 adom
834 2940 1130 2988 tenuerant
1175 2935 1426 2988 cecidere
1465 2937 1545 2990 ed.
1571 2937 1749 2991 Basil.
1775 2940 1928 3002 1535,
1967 2935 2281 2990 ceciderant
2316 2941 2505 2989 tenue-

103 3028 221 3075 rant
258 3024 305 3075 B
345 3029 396 3076 et
432 3023 548 3077 eod.
573 3039 674 3078 ree.
710 3028 716 3079 Ι
748 3021 820 3074 ad
856 3020 1219 3089 bellophonas
1256 3021 1318 3074 Β.
1352 3024 1360 3085 l
1397 3025 1477 3076 14.
1516 3024 1696 3090 aegest
1727 3023 1791 3075 B.
1825 3023 1833 3089 Ι
1868 3025 1948 3077 18.
1975 3021 2285 3076 Phocaeam
2309 3024 2444 3077 Lov.
2470 3028 2505 3077 6

102 3126 164 3161 m.
199 3114 255 3176 2,
304 3110 527 3173 Duker-5
573 3124 606 3160 a
651 3107 899 3175 phocaea
944 3110 1058 3163 eod.
1090 3110 1334 3176 plerique
1381 3108 1469 3175 (B)
1513 3116 1562 3163 et
1606 3110 1685 3162 ed.
1724 3110 2030 3177 antiquiss„
2076 3108 2149 3162 ad
2192 3106 2504 3161 Phocaeam

103 3195 232 3251 Lov.
260 3201 313 3263 3,
353 3196 435 3248 ed.
474 3196 654 3249 Basil.
681 3198 837 3248 1531.
879 3195 887 3259 Ι
926 3194 1172 3260 parantis
1217 3194 1652 3262 instruentisque
1700 3209 1759 3248 se
1806 3196 1920 3250 eod.
1955 3196 2139 3261 Harl„
2175 3193 2382 3261 paratis
2426 3194 2504 3246 in-

103 3281 391 3349 structisq3
439 3295 500 3333 se
538 3280 583 3332 B
620 3288 669 3335 et
706 3282 821 3335 eod.
847 3298 948 3334 ree.
976 3281 1135 3345 (Lov.
1160 3281 1233 3345 2).
1268 3283 1276 3344 Ι
1312 3284 1392 3335 19.
1430 3280 1675 3347 quinque
1713 3281 1825 3334 Iac.
1856 3280 2197 3347 Gronoviu35
2239 3278 2504 3348 quinqua-

101 3367 255 3432 ginta
301 3367 342 3434 (l
379 3368 451 3433 B)
500 3368 615 3422 eod.
643 3374 692 3421 et
728 3368 806 3420 ed.
842 3373 938 3420 vet.
973 3370 981 3431 Ι
1014 3369 1095 3420 22.
1143 3365 1452 3432 paullulum
1499 3384 1595 3419 un.
1622 3367 1736 3420 eod.
1760 3382 1861 3420 ree.
1888 3365 2035 3431 (Pal.
2060 3367 2135 3434 1),
2172 3365 2402 3433 paulolfi
2439 3366 2502 3431 B,

103 3453 352 3518 paullum
397 3455 492 3507 rel.
518 3454 633 3508 eod.
663 3460 712 3507 et
748 3454 827 3507 ed.
853 3460 948 3507 vet.
983 3455 990 3517 Ι
1022 3455 1105 3506 23.
1144 3452 1383 3505 coricum
1420 3452 1482 3504 B.
1516 3455 1523 3518 Ι
1556 3454 1639 3506 24.
1676 3450 2015 3519 polyxenida
2050 3451 2113 3505 B.
2147 3454 2155 3518 Ι
2186 3451 2363 3506 hostis
2398 3453 2462 3506 B.
2493 3452 2499 3522 Ι

103 3540 180 3592 25.
207 3539 498 3592 sinistrum
532 3538 653 3606 ipse
690 3554 858 3591 cornu
895 3538 950 3589 in
989 3538 1162 3590 altum
1199 3537 1448 3591 extendit
1484 3540 1561 3592 ed.
1588 3545 1685 3592 vet.
1712 3555 1847 3606 quas
1883 3538 2002 3592 vidi
2037 3556 2247 3606 omnes;
2282 3538 2504 3592 sinistro

105 3621 216 3689 ipse
263 3641 441 3678 cornu
476 3623 743 3693 impetum
787 3623 1038 3676 extendit
1086 3624 1132 3675 B
1179 3631 1229 3678 et
1273 3642 1374 3680 ree.
1412 3625 1571 3687 (Lov.
1605 3625 1680 3690 2),
1729 3622 1951 3676 sinistro
1986 3623 2107 3691 ipse
2143 3640 2313 3678 cornu
2347 3640 2503 3692 prae·

107 3707 279 3766 sectos
318 3713 516 3767 mediis
554 3713 768 3768 omissis
803 3714 952 3766 Voss.
978 3719 1027 3766 et
1064 3712 1199 3766 Lov.
1228 3717 1260 3764 1
1298 3713 1326 3777 (
1325 3713 1515 3779 „aliud
1551 3719 1711 3780 atque
1745 3710 1801 3763 in
1839 3710 2012 3763 altum
2047 3714 2262 3767 videtwr
2307 3712 2499 3767 latere“

116 3797 490 3854 Weissenborn
527 3800 607 3853 ed.
637 3800 834 3853 Teubn.
854 3801 1036 3866 praef.
1055 3815 1115 3866 p.
1145 3798 1304 3851 XIX
1309 3817 1328 3865 ,·
1372 3816 1450 3853 an
1484 3815 1635 3853 voees
1672 3798 1972 3866 complua‘es
2007 3800 2398 3854 interciderwnt
2410 3800 2461 3864 ,9)
2490 3797 2496 3866 Ι

2544 1130 2605 1174 10

2543 1303 2603 1346 11

2539 1558 2604 1605 12

2545 1905 2605 1951 13
