2925 4278
435 130 559 193 122
929 145 1155 198 LIBER
1190 144 1521 199 XXXVIIJ.
1560 142 1724 198 CAP.
1752 148 1799 199 2.
1827 148 1877 199 3.
1917 145 1990 212 [a.
2015 144 2080 199 U.
2107 160 2153 199 c.
2180 143 2323 212 565].

330 341 393 387 13
430 319 815 385 Macedones
860 340 1082 402 parum
1127 320 1264 384 loco
1309 319 1453 384 freti
1508 320 1590 383 ab
1651 318 1969 402 Aethopia
2028 319 2092 382 in
2156 318 2442 383 altiorem
2504 316 2791 401 deruptio

330 424 395 471 14
432 427 691 488 remque
738 405 1016 486 undique
1063 407 1371 470 tumulum
1417 425 1819 490 concessere,
1867 426 1992 487 quo
2023 405 2310 488 pluribus
2341 425 2423 469 ex
2449 403 2606 469 locis
2635 403 2791 467 aditu

429 493 692 557 invento
740 492 1041 575 expulere
1088 512 1197 558 eos
1256 492 1668 572 Athamanes,
1731 491 2175 575 dispersosque
2231 498 2295 555 et
2346 511 2457 574 per
2510 490 2679 555 invia
2718 496 2792 553 at—

361 597 366 601 ’
432 599 555 661 que
600 579 851 662 ignotas
897 598 1084 662 rupes
1144 579 1265 643 iter
1323 578 1517 662 fugae
1578 599 1704 642 non
1753 578 2169 662 expedientes
2227 578 2455 661 partim
2514 582 2793 659 ceperunt

430 666 662 749 partim
706 664 1175 730 interfecerunt.
1270 666 1449 730 multi
1494 684 1730 749 pavore
1775 665 1843 728 in
1888 663 2157 748 derupta
2180 664 2632 747 ⁴-praecipitati;
2678 682 2792 746 per·
2843 680 2864 726 5

430 752 618 836 pauci
672 772 815 815 cum
871 752 1142 816 Xenone
1203 751 1289 815 ad
1345 771 1564 835 regern
1635 757 1991 816 evaserunt.
2084 757 2307 835 postea
2366 771 2478 834 per
2537 749 2793 814 indutias

431 837 783 922 sepeliendi
828 856 1046 902 caesos
1089 844 1370 921 potestas
1414 840 1587 902 tacta
1631 846 1744 902 est.

366 943 391 989 1
637 925 754 988 III.
811 924 1229 1006 Amynander
1298 931 1668 1007 recuperato
1729 944 1928 1006 regno
1987 923 2234 1006 legatos
2293 930 2358 988 et
2414 924 2678 989 Romam
2725 920 2794 984 ad

431 1017 723 1076 senatum
769 1017 832 1074 et
876 1011 960 1073 ad
1006 1011 1334 1094 Scipiones
1394 1012 1459 1075 in
1508 1011 1749 1091 Asiam,
1816 1009 2056 1093 Ephesi
2113 1018 2258 1093 post
2316 1030 2620 1092 magnum
2673 1028 2792 1072 cum

363 1116 393 1162 2
431 1095 746 1162 Antiocho
791 1097 1097 1180 proelium
1159 1104 1497 1178 morantes,
1560 1098 1747 1162 misit.
1841 1117 2066 1180 pacem
2127 1098 2386 1179 petebat
2447 1096 2866 1160 excusabat-10

432 1204 552 1266 que
600 1203 761 1262 sese,
810 1183 979 1264 quod
1023 1203 1138 1267 per
1179 1184 1438 1248 Aetolos
1484 1190 1921 1266 recuperasset
1965 1190 2299 1266 paternum
2327 1203 2629 1266 regnum3
2673 1180 2794 1244 Phi-

362 1288 393 1334 3
431 1271 673 1354 lippum
732 1269 1084 1335 incusabat.
1176 1270 1385 1335 Aetoli
1447 1290 1529 1334 ex
1590 1269 1978 1333 Athamania
2036 1270 2100 1332 in
2160 1267 2618 1351 Amphilochos
2679 1287 2793 1351 pro-

431 1356 581 1421 fecti
637 1362 784 1421 sunt
841 1363 904 1420 et
948 1356 1204 1422 maioris
1249 1357 1449 1440 partis
1494 1357 1817 1421 voluntate
1862 1356 1927 1418 in
1974 1356 2072 1419 ius
2119 1354 2564 1436 dicionemque
2621 1359 2792 1418 totam
2888 1378 2889 1391 ¹

359 1461 392 1506 4
429 1443 813 1526 redegerunt
857 1449 1136 1524 gentem.
1228 1442 1675 1526 Amphilochia
1718 1448 1976 1525 recepta
2034 1479 2121 1487 —-
2165 1462 2315 1505 nam
2373 1439 2587 1505 fuerat
2628 1460 2792 1521 quon-

429 1528 578 1592 dam
620 1529 985 1593 Aetolorum
1049 1568 1127 1575 —-
1192 1528 1416 1593 eadem
1479 1549 1593 1612 spe
1652 1529 1719 1592 in
1779 1528 2193 1612 Aperantiam
2254 1525 2789 1606 transcenderunt;
2821 1540 2866 1586 15

430 1636 506 1681 ea
553 1635 802 1696 quoque
849 1635 1085 1697 magna
1128 1635 1209 1679 ex
1256 1622 1437 1698 parte
1484 1617 1621 1680 sine
1669 1615 2011 1679 certamine
2070 1615 2138 1678 in
2183 1613 2577 1678 deditionem
2623 1611 2789 1677 venit.

357 1721 388 1766 5
425 1701 706 1784 Dolopes
750 1721 1095 1781 numquam
1139 1702 1505 1766 Aetolorum
1550 1701 1822 1781 fuerant,
1869 1700 2146 1783 Philippi
2202 1706 2400 1765 erant.
2498 1700 2566 1763 hi
2619 1699 2791 1783 primo

426 1786 511 1851 ad
556 1807 735 1850 arma
782 1794 1261 1870 concurrerunt3
1311 1794 1592 1853 ceterum
1635 1793 1972 1871 postquam
2017 1786 2471 1869 Amphilochos
2521 1806 2662 1851 cum
2696 1785 2791 1848 Ae·

427 1873 572 1938 tolis
618 1893 758 1938 esse
804 1872 1150 1955 fugamque
1196 1894 1278 1938 ex
1324 1874 1707 1938 Athamania
1753 1873 2029 1956 Philippi
2075 1880 2138 1937 et
2198 1872 2460 1937 caedem
2517 1868 2791 1957 praesidii

359 1980 389 2026 6
429 1960 564 2024 eius
619 1978 942 2042 accepere,
994 1966 1056 2022 et
1098 1960 1222 2042 ipsi
1281 1982 1322 2024 a
1365 1960 1659 2044 Philippo
1720 1959 1804 2022 ad
1858 1960 2116 2023 Aetolos
2179 1959 2501 2023 deficiunt.
2596 1958 2795 2041 quibus
2822 1958 2889 2006 ‘2⁰³

428 2045 846 2111 circumiectis
890 2045 1190 2128 gentibus
1237 2046 1366 2111 iam
1411 2046 1694 2127 undique
1755 2066 1823 2110 se
1883 2067 1924 2108 a
1968 2044 2420 2109 Macedonibus
2484 2052 2652 2111 tutos
2694 2061 2795 2106 cre

426 2133 725 2198 dentibus
780 2153 919 2197 esse
973 2132 1214 2198 Aetolis
1267 2132 1441 2197 fama
1486 2133 1744 2197 affertur
1798 2132 2180 2197 Antiochum
2240 2133 2306 2196 in
2368 2132 2530 2197 Asia
2588 2132 2797 2197 victum
2888 2134 2889 2139 ’

426 2221 507 2285 ab
554 2220 890 2302 Romanis3
952 2239 1072 2284 nec
1140 2220 1231 2284 ita
1292 2221 1488 2286 multo
1548 2227 1692 2302 post
1750 2220 1947 2303 legati
2006 2221 2088 2283 ab
2135 2220 2338 2284 Roma
2392 2219 2640 2284 rediere
2682 2217 2794 2280 sine
2888 2215 2889 2284 3

426 2327 538 2390 spe
586 2306 781 2389 pacis,
828 2306 1248 2388 Fulviumque
1315 2306 1637 2370 consulem
1705 2307 2073 2371 nuntiantes
2135 2325 2276 2370 cum
2347 2306 2635 2371 exercitu
2689 2304 2793 2366 iam
2888 2335 2889 2344 κ

359 2412 385 2456 τ
425 2393 766 2457 traiecisse.
859 2392 959 2457 his
1019 2393 1239 2472 territi,
1299 2392 1474 2476 prius
1532 2393 1615 2455 ab
1661 2391 1884 2457 Rhodo
1946 2399 2009 2456 et
2065 2391 2338 2456 Athenis
2395 2389 2795 2475 legationibus
2821 2389 2868 2437 25

428 2480 673 2560 excitis,
721 2485 790 2542 ut
834 2500 949 2563 per
991 2480 1428 2543 auctoritatem
1477 2498 1692 2542 earum
1737 2478 2088 2542 civitatium
2145 2497 2298 2541 suae
2342 2498 2568 2561 preces
2622 2493 2796 2559 nuper
2888 2477 2889 2484 ’

426 2565 798 2648 repudiatae
865 2564 1210 2629 faciliorem
1270 2564 1515 2629 aditum
1596 2564 1679 2628 ad
1746 2572 2036 2629 senatum
2103 2563 2432 2645 haberent,
2502 2563 2797 2649 principes

360 2670 391 2715 8
428 2652 640 2733 gentis
683 2650 768 2714 ad
813 2652 1251 2734 temptandam
1296 2671 1476 2734 spem
1523 2651 1808 2714 ultimam
1854 2652 2122 2714 Romam
2151 2650 2478 2731 miserunt,
2514 2650 2686 2728 nihil,
2728 2664 2796 2709 ne

425 2737 663 2801 bellum
708 2737 1039 2815 haberent,
1088 2737 1457 2820 priusquam
1502 2756 1707 2819 paene
1752 2738 1817 2800 in
1852 2744 2192 2819 conspectu
2224 2736 2424 2802 hostis
2455 2745 2611 2817 erat,
2641 2751 2795 2819 prae-

319 2835 387 2888 ‘9
424 2823 732 2887 meditati.
825 2823 953 2887 iam
998 2824 1080 2887 M.
1113 2823 1377 2887 Fulvius
1420 2824 1822 2905 Apolloniam
1868 2823 2152 2888 exercitu
2197 2824 2459 2888 traiecto
2502 2844 2645 2888 cum
2673 2817 2796 2902 Epi·
2823 2819 2868 2867 30

424 2916 702 2974 rotarum
746 2909 1138 2993 principibus
1185 2909 1602 2990 consultabat,
1649 2908 1817 2974 unde
1862 2910 2097 2974 bellum
2127 2910 2451 2992 inciperet.
2545 2903 2795 2992 Epirotis

424 2996 831 3060 Ambraciam
877 2996 1172 3080 placebat
1217 2995 1501 3079 aggredi,
1549 3016 1713 3077 quae
1759 3002 1892 3059 tum
1941 2996 2365 3059 contribuerat
2426 3016 2496 3061 se
2539 2991 2791 3060 Aetolis:

636 3189 681 3241 1.
718 3201 910 3253 parum
955 3204 1055 3240 om.
1090 3185 1153 3239 Β.
1188 3186 1196 3252 Ι
1227 3183 1299 3238 ab
1337 3184 1625 3251 Aethopia
1667 3203 1770 3240 om.
1794 3184 1858 3237 B.
1892 3186 1900 3252 Ι
1929 3188 1980 3239 4.
2019 3184 2363 3252 expedientis
2397 3185 2459 3238 B.
2494 3187 2502 3251 Ι
2536 3188 2582 3239 6.
2618 3185 2795 3251 postea
2888 3193 2889 3204 ¹

424 3274 537 3328 cod.
557 3274 806 3341 plerique
844 3271 931 3338 (B)
967 3279 1016 3326 et
1052 3273 1130 3327 ed.
1158 3274 1477 3340 antiquis-3„-
1510 3274 1737 3339 postera
1774 3271 1864 3323 die
1902 3271 1972 3336 M,
2010 3275 2231 3338 postero
2258 3270 2346 3324 die
2371 3273 2451 3326 ed.
2473 3273 2603 3326 Par.
2623 3263 2789 3331 1573!
2888 3263 2889 3292 ³

424 3363 472 3414 8.
509 3358 889 3425 recuperando
924 3357 988 3412 B.
1022 3361 1029 3423 Ι
1061 3362 1111 3413 9.
1158 3358 1214 3409 in
1260 3357 1380 3410 asia
1415 3357 1476 3413 B.
1511 3361 1517 3423 Ι
1553 3361 1632 3413 13.
1672 3357 1965 3411 uoluntate
2000 3357 2055 3409 in
2091 3357 2154 3411 B.
2188 3359 2196 3425 Ι
2231 3361 2311 3413 14.
2350 3356 2672 3425 amphilocia
2703 3349 2789 3414 Β.Ι

427 3448 506 3500 15.
545 3445 878 3498 Aetolorum
915 3446 1031 3499 cod.
1051 3446 1297 3513 plerique
1326 3444 1412 3513 (B)
1452 3451 1502 3499 et
1537 3446 1616 3498 ed.
1643 3451 1740 3498 vet.
1752 3464 1769 3504 ;
1804 3444 1860 3495 in
1897 3444 2204 3496 aetolorum
2238 3443 2467 3510 imperio
2502 3443 2574 3511 M,
2609 3437 2791 3495 aetolo-

423 3547 557 3583 rum.
602 3528 731 3582 inde
774 3533 888 3585 cod.
924 3532 1089 3584 Harl.
1123 3534 1131 3594 Ι
1171 3529 1228 3582 in
1274 3528 1642 3597 Aperantiam
1695 3529 2155 3583 transcenderunt
2199 3549 2300 3585 om.
2335 3530 2397 3583 B.
2431 3532 2439 3597 Ι
2483 3533 2562 3586 18.
2609 3521 2791 3592 amphi-

421 3615 571 3669 locos
596 3615 658 3668 B.
691 3617 699 3681 Ι
731 3619 814 3670 23.
841 3616 1052 3670 rediere
1078 3616 1149 3684 M,
1175 3618 1290 3671 coel.
1315 3634 1416 3671 ree.
1439 3618 1689 3685 plerique
1725 3623 1773 3669 et
1809 3617 1889 3669 ed.
1915 3623 2040 3680 νοω
2076 3615 2252 3669 redire
2286 3616 2334 3669 B
2371 3623 2420 3671 et
2454 3621 2490 3670 3
2522 3633 2619 3670 ree.
2654 3617 2660 3678 Ι
2688 3609 2789 3663 sine
2888 3601 2889 3666 ᾗ

422 3717 520 3770 spe
556 3702 708 3770 pacis
746 3704 861 3758 cod.
889 3706 1137 3773 plerique
1180 3702 1265 3770 (B)
1312 3710 1361 3757 et
1405 3705 1484 3757 ed.
1520 3710 1616 3758 vet.
1628 3721 1648 3770 ;
1691 3701 1807 3755 sine
1853 3717 2122 3769 responso
2165 3702 2235 3755 M.
2278 3705 2285 3769 Ι
2325 3706 2409 3757 25.
2455 3700 2656 3756 territis
2696 3691 2784 3760 Β.Ι
2872 3725 2877 3730 -

423 3790 505 3842 32.
544 3787 915 3841 ambrachiam
950 3788 1011 3842 B.
1048 3792 1055 3854 Ι
2888 3785 2889 3794 ’
