2925 4278
627 150 852 204 LIBER
890 149 1185 204 xxxvn.
1225 149 1389 204 CAP.
1417 153 1501 205 40.
1527 154 1611 206 41.
1651 154 1722 221 [a.
1750 152 1815 207 U.
1842 168 1887 206 o.
1916 153 2055 221 5641.
2444 135 2527 200 95

143 326 486 391 auxiliares
532 327 714 390 mixti
760 326 1039 390 omnium
1085 346 1408 409 generum,
1457 326 1582 392 duo
1629 327 1803 391 milia
1849 328 2251 412 septingenti,
2300 336 2362 393 et
2407 330 2527 394 tria

141 413 315 477 milia
372 413 916 496 cataphractorum
979 414 1279 495 equitum,
1342 421 1404 477 et
1465 414 1635 478 mille
1700 414 1805 477 alii
1868 415 2130 497 equites,
2191 417 2367 500 regia
2426 417 2528 480 ala

142 499 486 565 levioribus
532 501 915 584 tegumentis
960 500 1090 564 suis
1122 520 1567 582 equorumque,
1601 501 1724 565 alio
1757 500 1926 565 haud
1957 501 2247 566 dissimili
2276 502 2523 567 habitu:

141 587 287 670 Syri
357 587 641 670 plerique
709 594 889 650 erant
947 586 1307 670 Phrygibus
1377 593 1441 651 et
1512 586 1712 671 Lydis
1771 588 2061 651 immixti.
2153 596 2300 653 ante
2360 588 2634 652 hunc12

74 693 105 739 5
143 673 493 754 equitatum
539 673 807 738 falcatae
853 673 1197 757 quadrigae
1244 683 1307 738 et
1339 674 1583 754 cameli,
1632 694 1788 756 quos
1817 676 2139 757 appellant
2169 673 2522 740 dromadas.

140 760 240 825 his
288 759 656 825 insidebant
697 761 939 825 Arabes
985 760 1314 843 sagittarii,
1362 758 1610 842 gladios
1657 769 1878 825 tenues
1924 760 2252 841 habentes,
2306 762 2527 845 longos

146 853 454 928 quaterna
501 847 734 927 cubita,
780 854 848 911 ut
893 868 975 912 ex
1006 853 1186 911 tanta
1216 845 1548 911 altitudine
1581 848 1943 931 contingere
1974 847 2218 912 hostem
2248 856 2522 931 possent.

140 932 290 997 inde
330 933 458 997 alia
487 932 839 1013 multitudo,
886 954 1001 1017 par
1045 934 1122 1016 ei,
1171 953 1333 1015 quae
1379 933 1443 996 in
1491 933 1715 997 dextro
1748 953 1939 997 cornu
1985 942 2146 999 erat:
2195 936 2379 1019 primi
2410 936 2523 998 Ta·
2564 946 2632 993 13

140 1019 396 1098 rentini,
445 1019 676 1084 deinde
721 1020 1272 1103 Gallograecorum
1323 1019 1603 1101 equitum
1651 1018 1774 1083 duo
1819 1020 1993 1084 milia
2052 1028 2114 1086 et
2175 1022 2525 1105 quingenti,

49 1128 106 1176 10
141 1105 293 1170 inde
340 1107 687 1171 Neocretes
731 1107 900 1170 mille
946 1113 1010 1171 et
1056 1106 1278 1171 eodem
1323 1113 1570 1171 armatu
1618 1107 1811 1172 Cares
1858 1114 1920 1170 et
1967 1107 2191 1172 Cilices
2251 1110 2418 1173 mille
2465 1117 2527 1173 et

140 1192 477 1276 quingenti
524 1199 587 1257 et
633 1193 891 1258 totidem
936 1194 1177 1258 Tralles
1224 1199 1287 1257 et
1332 1199 1626 1275 quattuor
1686 1193 1859 1257 milia
1918 1202 2364 1259 caetratorum:
2429 1196 2524 1259 Pi-

138 1279 320 1344 sidae
368 1287 547 1343 erant
593 1286 655 1344 et
700 1279 1059 1365 Pamphylii
1114 1287 1176 1344 et
1222 1279 1439 1362 Lycii3
1502 1287 1633 1344 tum
1685 1279 2039 1362 Cyrtiorum
2087 1289 2149 1345 et
2194 1282 2522 1364 Elymaeo-
2565 1294 2632 1340 14

137 1387 277 1430 rum
324 1366 505 1450 paria
548 1366 614 1431 in
660 1366 883 1431 dextro
929 1388 1121 1431 cornu
1166 1366 1387 1431 locatis
1431 1366 1691 1447 auxilia,
1755 1374 1818 1430 et
1863 1365 2139 1431 sedecim
2202 1368 2521 1452 elephanti

137 1451 390 1517 modico
436 1452 764 1517 intervallo
811 1453 1134 1518 distantes.
1212 1454 1378 1517 XLI.
1413 1453 1554 1518 Rex
1600 1454 1738 1536 ipse
1768 1453 1836 1517 in
1867 1452 2092 1518 dextro
2125 1475 2315 1519 cornu
2348 1462 2517 1539 erat3
2602 1468 2629 1514 1

48 1558 104 1605 15
139 1539 477 1606 Seleucum
524 1539 721 1603 filium
769 1546 830 1604 et
874 1540 1273 1623 Antipatrum
1324 1540 1533 1604 fratris
1578 1539 1774 1603 filium
1820 1540 1885 1603 in
1919 1540 2101 1607 laevo
2133 1542 2519 1625 praeposuit;

136 1626 355 1690 media
400 1626 568 1690 acies
613 1627 814 1691 tribus
874 1627 1200 1710 permissa,
1262 1626 1572 1690 Minnioni
1634 1633 1696 1691 et
1754 1627 2026 1691 Zeuxidi
2089 1636 2151 1692 et
2211 1628 2523 1712 Philippo,

137 1713 447 1796 magistro
493 1712 987 1797 elephantorum.

350 1800 602 1863 Nebula
647 1801 972 1879 matutina,
1022 1807 1344 1864 crescente
1389 1799 1493 1863 die
1537 1800 1748 1864 levata
1793 1801 1858 1864 in
1905 1802 2125 1882 nubes,
2183 1802 2519 1885 caliginem

145 1886 350 1970 dedit;
398 1906 577 1952 umor
622 1886 771 1951 inde
816 1888 897 1951 ab
930 1893 1142 1951 austro
1174 1887 1346 1951 velut
1366 1886 1695 1971 pluvialis
1727 1888 2006 1971 perfudit
2036 1888 2264 1951 omnia.
2359 1909 2520 1970 quae

49 1988 107 2036 20
143 1972 298 2037 nihil
365 1971 707 2038 admodum
775 1973 1095 2054 Romanis,
1165 1972 1388 2037 eadem
1452 1973 1969 2057 perincommoda
2045 1975 2238 2057 regiis
2306 1983 2520 2058 erant;

143 2080 288 2123 nam
340 2066 402 2124 et
448 2060 795 2125 obscuritas
841 2061 996 2124 lucis
1040 2061 1107 2123 in
1153 2060 1291 2124 acie
1351 2058 1598 2123 modica
1659 2061 1962 2126 Romanis
2022 2082 2149 2125 non
2203 2061 2524 2126 adimebat

140 2148 202 2210 in
266 2167 491 2210 omnes
548 2154 760 2231 partes
822 2155 1247 2232 conspectum,
1312 2153 1374 2211 et
1433 2167 1613 2211 umor
1675 2154 1801 2212 toto
1862 2148 1994 2213 fere
2038 2149 2220 2232 gravi
2280 2156 2523 2213 armatu

140 2234 300 2298 nihil
346 2233 595 2318 gladios
639 2242 749 2298 aut
791 2235 922 2318 pila
965 2234 1343 2317 hebetabat;
1392 2233 1550 2317 regii
1598 2241 1725 2297 tam
1773 2236 1903 2298 lata
1945 2237 2083 2299 acie
2143 2255 2225 2299 ne
2272 2257 2353 2301 ex
2402 2256 2523 2300 me·
2596 2249 2629 2295 4

140 2320 239 2386 dio
288 2319 548 2402 quidem
596 2341 831 2386 cornua
876 2341 991 2386 sua
1036 2322 1400 2404 conspicere
1444 2326 1753 2404 poterant,
1800 2321 2033 2386 nedum
2068 2323 2332 2386 extremi
2362 2323 2525 2386 inter

46 2419 107 2466 25
142 2427 207 2472 se
254 2407 790 2491 conspicerentur,
838 2414 902 2473 et
945 2429 1123 2472 umor
1168 2427 1352 2472 arcus
1397 2405 1757 2489 fundasque
1805 2414 1868 2472 et
1896 2408 2240 2473 iaculorum
2270 2416 2525 2473 amenta

139 2495 507 2561 emollierat.
599 2494 871 2560 falcatae
917 2514 1164 2577 quoque
1211 2492 1577 2577 quadrigae,
1626 2494 1854 2576 quibus
1899 2514 1968 2559 se
2012 2497 2517 2579 perturba-turum
2595 2506 2627 2554 5
2671 2526 2680 2531 ὴ

2596 1815 2629 1949 ww

345 2689 395 2741 5.
433 2684 721 2753 quadrigie
758 2685 806 2737 &
842 2684 1057 2737 camelli
1093 2685 1152 2738 Β.
1187 2685 1194 2752 Ι
1226 2683 1522 2738 dromodas
1556 2684 1617 2738 B.
1651 2688 1659 2752 Ι
1692 2687 1739 2740 6.
1778 2684 1960 2737 tenuis
1999 2685 2060 2738 B.
2095 2687 2103 2751 Ι
2135 2689 2183 2741 8.
2231 2690 2387 2738 erant
2423 2685 2481 2737 B.
2513 2684 2518 2752 Ι

133 2777 178 2827 9.
230 2772 347 2826 duo
394 2771 543 2825 milia
597 2776 653 2825 et
697 2771 984 2840 quingenti
1038 2773 1152 2827 cod.
1189 2772 1276 2839 (B)
1321 2779 1370 2826 et
1416 2773 1495 2826 ed.
1531 2779 1654 2833 vet.;
1711 2771 1997 2840 quingenti
2045 2777 2101 2824 et
2145 2776 2357 2838 septem
2404 2770 2473 2823 M.
2516 2771 2521 2840 Ι

136 2865 212 2916 10.
261 2858 540 2913 neocrites
584 2859 644 2912 Β.
679 2860 686 2925 Ι
723 2862 801 2915 11.
849 2859 897 2911 &
943 2878 1059 2909 .11n.
1098 2864 1430 2912 cetratorum
1477 2860 1539 2927 B,
1585 2863 1643 2912 et
1679 2859 1782 2911 tria
1821 2858 1969 2911 milia
2004 2861 2371 2911 caetratorum
2409 2859 2523 2912 coel.

130 2967 231 3003 rec.
269 2955 322 3002 et
367 2947 448 3000 ed.
484 2953 597 3012 vet„
636 2949 693 2997 et
737 2944 848 2997 duo
883 2945 1050 2998 millia
1087 2950 1419 2999 cetratorum
1459 2944 1527 2998 M.
1563 2948 1570 3012 Ι
1603 2944 1820 2999 Pisidae
1858 2944 1914 2997 hi
1952 2948 2109 2999 erant
2145 2944 2213 2996 M.
2248 2946 2256 3011 Ι
2291 2948 2370 3000 12.
2408 2959 2526 3013 cyr-

130 3033 378 3088 thiorum
417 3033 477 3086 Β.
512 3039 519 3096 Ι
555 3035 634 3087 13.
672 3032 720 3084 ἃ
757 3025 1069 3100 quindecim
1102 3038 1136 3085 4
1172 3035 1285 3088 cod.
1311 3051 1429 3094 rec„
1468 3033 1516 3084 ἃ
1551 3051 1629 3084 vn
1664 3033 1726 3086 Β.
1760 3035 1767 3100 Ι
1803 3035 1881 3088 14.
1920 3047 2090 3085 cornu
2137 3037 2256 3085 erat
2291 3050 2393 3087 om.
2422 3031 2482 3084 Β.
2515 3029 2520 3100 Ι

134 3126 214 3178 15.
253 3119 549 3190 proposuit
583 3120 643 3173 Β.
678 3120 686 3184 Ι
720 3122 801 3174 16.
838 3119 1064 3187 ynnioni
1101 3120 1149 3172 &
1185 3119 1403 3187 zeyxidi
1442 3120 1491 3172 &
1526 3119 1794 3188 philyppo
1830 3120 1892 3172 Β.
1925 3121 1933 3187 1
1967 3123 2047 3175 18.
2085 3119 2140 3172 in
2186 3117 2360 3171 nubes
2398 3118 2524 3170 cali-

128 3208 320 3277 ginem
360 3206 516 3260 dedit
551 3208 666 3262 cod.
685 3209 933 3276 plerique
970 3206 1056 3271 (Β)
1091 3213 1140 3261 et
1178 3208 1256 3260 ed.
1282 3213 1406 3268 vet.;
1451 3205 1507 3258 in
1549 3205 1792 3259 nubibus
1837 3205 1991 3259 dedit
2034 3205 2325 3274 caliginem
2362 3205 2431 3272 M,
2467 3204 2525 3257 in

129 3295 380 3349 nubibus
427 3294 588 3348 sedit.
626 3294 917 3363 caliginem
953 3295 1198 3363 Madvig).
1232 3295 1239 3359 Ι
1275 3297 1354 3349 19.
1393 3293 1465 3347 ab
1511 3298 1699 3348 austro
1746 3293 1901 3347 velut
1948 3293 2205 3361 pluvialis
2250 3296 2521 3362 temptavi,

131 3386 200 3451 cf.
230 3385 435 3452 ephem.
463 3387 840 3449 Austr.1892;
875 3380 947 3434 ab
985 3385 1174 3434 austro
1220 3380 1378 3433 uelut
1424 3382 1537 3435 cod.
1575 3388 1624 3435 et
1670 3382 1749 3435 ed.
1784 3387 1894 3446 vet„
1942 3379 2014 3432 ab
2062 3383 2252 3432 austro
2299 3384 2522 3433 secutus

131 3471 389 3539 Madvig),
437 3467 508 3522 ab
570 3473 758 3521 austro
811 3470 1064 3521 invectus
1112 3470 1487 3523 Weissenborn
1532 3468 1611 3521 ed.
1665 3469 1863 3522 Teubn.
1913 3469 2094 3535 praef.
2135 3485 2195 3535 p.
2230 3467 2405 3533 XXI,
2452 3465 2523 3519 ab

131 3561 327 3610 austro
378 3555 530 3608 velut
565 3554 739 3607 imber
773 3556 1150 3610 Weissenborn
1185 3557 1265 3609 ed.
1297 3555 1522 3609 Weidm.
1552 3572 1611 3623 p.
1637 3558 1746 3608 227
1780 3555 1927 3621 adn„
1962 3553 2034 3606 ab
2082 3561 2272 3606 austro
2315 3554 2472 3606 velut
2495 3575 2520 3604 »ι

132 3646 212 3697 Μ.
255 3645 506 3707 Mueller,
543 3644 611 3709 cf.
639 3644 819 3710 praef.
852 3660 910 3710 p.
941 3643 1105 3696 VIII.
1147 3646 1154 3705 1
1198 3645 1280 3696 22.
1326 3641 1502 3693 omnis
1544 3641 1605 3694 Β.
1638 3640 1646 3707 1
1679 3643 1760 3696 23.
1805 3639 2106 3693 hebetebat
2137 3641 2199 3693 B.
2232 3646 2240 3707 1
2272 3644 2355 3696 24.
2400 3657 2525 3694 con·

133 3730 348 3797 spicere
387 3731 522 3784 Lov.
556 3733 594 3782 2
640 3735 689 3782 et
733 3730 915 3793 Harl„
965 3732 1032 3797 cf.
1057 3730 1289 3797 Madviy
1317 3729 1440 3782 Em.
1468 3728 1538 3781 L.
1568 3745 1629 3796 p.
1656 3732 1784 3789 532;
1830 3727 2243 3795 circumspicere
2289 3731 2382 3782 rel.
2409 3730 2522 3784 cod.

135 3817 221 3883 (B)
262 3823 311 3870 et
347 3817 428 3870 ed.
454 3821 551 3870 vet.
584 3815 592 3882 Ι
