<?xml version="1.0" encoding="UTF-8"?>
<!DOCTYPE html PUBLIC "-//W3C//DTD XHTML 1.0 Transitional//EN"
    "http://www.w3.org/TR/xhtml1/DTD/xhtml1-transitional.dtd">
<html xmlns="http://www.w3.org/1999/xhtml" xml:lang="en" lang="en">
 <head>
  <title>
</title>
<meta http-equiv="Content-Type" content="text/html;charset=utf-8" />
  <meta name='ocr-system' content='tesseract 3.04.00' />
  <meta name='ocr-capabilities' content='ocr_page ocr_carea ocr_par ocr_line ocrx_word'/>
</head>
<body>
  <div class='ocr_page' id='page_1' title='image "./tliviaburbecond00zinggoog_0169.png"; bbox 0 0 2925 4278; ppageno 0'>
   <div class='ocr_carea' id='block_1_1' title="bbox 419 117 2336 201">
    <p class='ocr_par' dir='ltr' id='par_1_1' title="bbox 419 117 2336 201">
     <span class='ocr_line' id='line_1_1' title="bbox 419 117 2336 201; baseline 0.003 -23"><span class='ocrx_word' id='word_1_1' title='bbox 419 117 543 180; x_wconf 85' lang='grc'><strong>160</strong></span> <span class='ocrx_word' id='word_1_2' title='bbox 887 132 1109 184; x_wconf 89' lang='lat' dir='ltr'><strong>LIBER</strong></span> <span class='ocrx_word' id='word_1_3' title='bbox 1144 131 1473 186; x_wconf 89' lang='lat' dir='ltr'>XXXVIII.</span> <span class='ocrx_word' id='word_1_4' title='bbox 1511 131 1674 185; x_wconf 84' lang='lat' dir='ltr'><strong>CAP.</strong></span> <span class='ocrx_word' id='word_1_5' title='bbox 1702 134 1785 185; x_wconf 86' lang='lat'><strong>37.</strong></span> <span class='ocrx_word' id='word_1_6' title='bbox 1811 135 1893 187; x_wconf 87' lang='grc'><strong>38.</strong></span> <span class='ocrx_word' id='word_1_7' title='bbox 1935 132 2002 199; x_wconf 90' lang='lat' dir='ltr'><strong>[a.</strong></span> <span class='ocrx_word' id='word_1_8' title='bbox 2031 131 2094 185; x_wconf 91' lang='lat' dir='ltr'><strong>U.</strong></span> <span class='ocrx_word' id='word_1_9' title='bbox 2121 147 2166 185; x_wconf 81' lang='lat' dir='ltr'><strong>e.</strong></span> <span class='ocrx_word' id='word_1_10' title='bbox 2193 133 2336 201; x_wconf 89' lang='grc'><strong>566].</strong></span> 
     </span>
    </p>
   </div>
   <div class='ocr_carea' id='block_1_2' title="bbox 341 304 2874 2382">
    <p class='ocr_par' dir='ltr' id='par_1_2' title="bbox 413 304 2798 564">
     <span class='ocr_line' id='line_1_2' title="bbox 414 304 2797 390; baseline -0 -18"><span class='ocrx_word' id='word_1_11' title='bbox 414 308 534 372; x_wconf 91' lang='lat' dir='ltr'><strong>bus</strong></span> <span class='ocrx_word' id='word_1_12' title='bbox 581 307 847 371; x_wconf 93' lang='lat' dir='ltr'><strong>militum</strong></span> <span class='ocrx_word' id='word_1_13' title='bbox 895 304 1194 371; x_wconf 85' lang='lat' dir='ltr'>Oroanda</span> <span class='ocrx_word' id='word_1_14' title='bbox 1237 305 1322 369; x_wconf 91' lang='lat' dir='ltr'><strong>ad</strong></span> <span class='ocrx_word' id='word_1_15' title='bbox 1368 306 1678 387; x_wconf 89' lang='lat' dir='ltr'><strong>reliquum</strong></span> <span class='ocrx_word' id='word_1_16' title='bbox 1724 307 2032 389; x_wconf 88' lang='lat' dir='ltr'><strong>pecuniae</strong></span> <span class='ocrx_word' id='word_1_17' title='bbox 2080 326 2161 370; x_wconf 84' lang='lat' dir='ltr'><strong>ex</strong></span> <span class='ocrx_word' id='word_1_18' title='bbox 2193 327 2287 386; x_wconf 84' lang='lat' dir='ltr'><strong>eo,</strong></span> <span class='ocrx_word' id='word_1_19' title='bbox 2335 305 2504 388; x_wconf 89' lang='lat' dir='ltr'><strong>quod</strong></span> <span class='ocrx_word' id='word_1_20' title='bbox 2550 306 2797 390; x_wconf 85' lang='lat' dir='ltr'><strong>pepige-</strong></span> 
     </span>
     <span class='ocr_line' id='line_1_3' title="bbox 413 391 2798 477; baseline -0 -20"><span class='ocrx_word' id='word_1_21' title='bbox 413 399 575 474; x_wconf 85' lang='lat' dir='ltr'>rant,</span> <span class='ocrx_word' id='word_1_22' title='bbox 639 392 1028 477; x_wconf 83' lang='lat' dir='ltr'><strong>exigendum</strong></span> <span class='ocrx_word' id='word_1_23' title='bbox 1087 393 1298 474; x_wconf 83' lang='lat' dir='ltr'><strong>misso,</strong></span> <span class='ocrx_word' id='word_1_24' title='bbox 1361 393 1517 476; x_wconf 85' lang='lat' dir='ltr'><strong>ipse,</strong></span> <span class='ocrx_word' id='word_1_25' title='bbox 1580 393 1728 474; x_wconf 89' lang='lat' dir='ltr'><strong>quia</strong></span> <span class='ocrx_word' id='word_1_26' title='bbox 1786 393 2134 457; x_wconf 81' lang='lat' dir='ltr'><strong>Eumenem</strong></span> <span class='ocrx_word' id='word_1_27' title='bbox 2194 413 2409 476; x_wconf 85' lang='lat' dir='ltr'><strong>regem</strong></span> <span class='ocrx_word' id='word_1_28' title='bbox 2463 398 2528 457; x_wconf 87' lang='lat' dir='ltr'><strong>et</strong></span> <span class='ocrx_word' id='word_1_29' title='bbox 2586 391 2798 458; x_wconf 90' lang='lat' dir='ltr'><strong>decem</strong></span> 
     </span>
     <span class='ocr_line' id='line_1_4' title="bbox 415 478 2798 564; baseline -0 -21"><span class='ocrx_word' id='word_1_30' title='bbox 415 480 657 564; x_wconf 87' lang='lat' dir='ltr'><strong>legatos</strong></span> <span class='ocrx_word' id='word_1_31' title='bbox 687 480 769 544; x_wconf 93' lang='lat' dir='ltr'><strong>ab</strong></span> <span class='ocrx_word' id='word_1_32' title='bbox 801 481 1004 543; x_wconf 90' lang='lat' dir='ltr'><strong>Roma</strong></span> <span class='ocrx_word' id='word_1_33' title='bbox 1033 479 1359 563; x_wconf 80' lang='lat' dir='ltr'><strong>Ephesum</strong></span> <span class='ocrx_word' id='word_1_34' title='bbox 1396 478 1688 543; x_wconf 84' lang='lat' dir='ltr'>audierat</span> <span class='ocrx_word' id='word_1_35' title='bbox 1731 479 2002 559; x_wconf 83' lang='lat' dir='ltr'><strong>venisse,</strong></span> <span class='ocrx_word' id='word_1_36' title='bbox 2051 480 2237 544; x_wconf 90' lang='lat' dir='ltr'><strong>iussis</strong></span> <span class='ocrx_word' id='word_1_37' title='bbox 2283 480 2460 561; x_wconf 89' lang='lat' dir='ltr'><strong>sequi</strong></span> <span class='ocrx_word' id='word_1_38' title='bbox 2504 479 2798 544; x_wconf 79' lang='lat' dir='ltr'><strong>Antiochi</strong></span> 
     </span>
    </p>

    <p class='ocr_par' dir='ltr' id='par_1_3' title="bbox 348 565 2874 737">
     <span class='ocr_line' id='line_1_5' title="bbox 348 565 2799 651; baseline 0.002 -27"><span class='ocrx_word' id='word_1_39' title='bbox 348 580 373 624; x_wconf 93' lang='lat'>1</span> <span class='ocrx_word' id='word_1_40' title='bbox 414 566 640 651; x_wconf 82' lang='lat' dir='ltr'><strong>legatis</strong></span> <span class='ocrx_word' id='word_1_41' title='bbox 692 568 1045 649; x_wconf 84' lang='lat' dir='ltr'><strong>Apameam</strong></span> <span class='ocrx_word' id='word_1_42' title='bbox 1107 566 1453 630; x_wconf 85' lang='lat' dir='ltr'><strong>exercitum</strong></span> <span class='ocrx_word' id='word_1_43' title='bbox 1508 565 1778 630; x_wconf 85' lang='lat' dir='ltr'><strong>reduxit.</strong></span> <span class='ocrx_word' id='word_1_44' title='bbox 1871 566 2241 630; x_wconf 89' lang='lat' dir='ltr'>XXXVIII.</span> <span class='ocrx_word' id='word_1_45' title='bbox 2290 567 2389 631; x_wconf 90' lang='lat' dir='ltr'><strong>Ibi</strong></span> <span class='ocrx_word' id='word_1_46' title='bbox 2444 586 2530 630; x_wconf 83' lang='lat' dir='ltr'><strong>ex</strong></span> <span class='ocrx_word' id='word_1_47' title='bbox 2587 565 2799 630; x_wconf 90' lang='lat' dir='ltr'><strong>decem</strong></span> 
     </span>
     <span class='ocr_line' id='line_1_6' title="bbox 412 652 2874 737; baseline 0 -20"><span class='ocrx_word' id='word_1_48' title='bbox 412 654 763 737; x_wconf 86' lang='lat' dir='ltr'><strong>legatorum</strong></span> <span class='ocrx_word' id='word_1_49' title='bbox 828 653 1144 717; x_wconf 89' lang='lat' dir='ltr'><strong>sententia</strong></span> <span class='ocrx_word' id='word_1_50' title='bbox 1203 652 1429 717; x_wconf 86' lang='lat' dir='ltr'><strong>foedus</strong></span> <span class='ocrx_word' id='word_1_51' title='bbox 1491 652 1558 716; x_wconf 92' lang='lat' dir='ltr'><strong>in</strong></span> <span class='ocrx_word' id='word_1_52' title='bbox 1617 652 1778 716; x_wconf 90' lang='lat' dir='ltr'><strong>haec</strong></span> <span class='ocrx_word' id='word_1_53' title='bbox 1838 653 2036 717; x_wconf 86' lang='lat' dir='ltr'><strong>verba</strong></span> <span class='ocrx_word' id='word_1_54' title='bbox 2095 653 2228 717; x_wconf 86' lang='lat' dir='ltr'><strong>fere</strong></span> <span class='ocrx_word' id='word_1_55' title='bbox 2289 673 2431 717; x_wconf 90' lang='lat' dir='ltr'><strong>cum</strong></span> <span class='ocrx_word' id='word_1_56' title='bbox 2488 652 2798 717; x_wconf 80' lang='lat' dir='ltr'><strong>Antiocho</strong></span> <span class='ocrx_word' id='word_1_57' title='bbox 2855 670 2874 718; x_wconf 85' lang='lat'>5</span> 
     </span>
    </p>

    <p class='ocr_par' dir='ltr' id='par_1_4' title="bbox 344 738 2799 1080">
     <span class='ocr_line' id='line_1_7' title="bbox 344 738 2799 840; baseline 0.001 -41"><span class='ocrx_word' id='word_1_58' title='bbox 344 752 374 799; x_wconf 80' lang='lat'>2</span> <span class='ocrx_word' id='word_1_59' title='bbox 415 741 836 823; x_wconf 91' lang='lat' dir='ltr'><strong>conscriptum</strong></span> <span class='ocrx_word' id='word_1_60' title='bbox 895 746 1008 803; x_wconf 90' lang='lat' dir='ltr'><strong>est.</strong></span> <span class='ocrx_word' id='word_1_61' title='bbox 1104 739 1423 822; x_wconf 92' lang='lat' dir='ltr'><strong>„amicitia</strong></span> <span class='ocrx_word' id='word_1_62' title='bbox 1475 740 1612 822; x_wconf 87' lang='lat' dir='ltr'><strong>regi</strong></span> <span class='ocrx_word' id='word_1_63' title='bbox 1667 738 1979 804; x_wconf 84' lang='lat' dir='ltr'><strong>Antiocho</strong></span> <span class='ocrx_word' id='word_1_64' title='bbox 2036 760 2178 803; x_wconf 91' lang='lat' dir='ltr'><strong>eum</strong></span> <span class='ocrx_word' id='word_1_65' title='bbox 2232 741 2462 840; x_wconf 81' lang='lat' dir='ltr'><strong>populo</strong></span> <span class='ocrx_word' id='word_1_66' title='bbox 2519 741 2799 805; x_wconf 88' lang='lat' dir='ltr'><strong>Romano</strong></span> 
     </span>
     <span class='ocr_line' id='line_1_8' title="bbox 412 825 2798 909; baseline -0.001 -18"><span class='ocrx_word' id='word_1_67' title='bbox 412 827 512 891; x_wconf 89' lang='lat' dir='ltr'><strong>his</strong></span> <span class='ocrx_word' id='word_1_68' title='bbox 557 827 807 909; x_wconf 85' lang='lat' dir='ltr'><strong>legibus</strong></span> <span class='ocrx_word' id='word_1_69' title='bbox 861 832 924 890; x_wconf 91' lang='lat' dir='ltr'><strong>et</strong></span> <span class='ocrx_word' id='word_1_70' title='bbox 977 825 1453 891; x_wconf 84' lang='lat' dir='ltr'><strong>condicionibus</strong></span> <span class='ocrx_word' id='word_1_71' title='bbox 1508 832 1672 891; x_wconf 88' lang='lat' dir='ltr'><strong>esto:</strong></span> <span class='ocrx_word' id='word_1_72' title='bbox 1719 846 1801 890; x_wconf 95' lang='lat' dir='ltr'><strong>ne</strong></span> <span class='ocrx_word' id='word_1_73' title='bbox 1848 846 2036 908; x_wconf 89' lang='lat' dir='ltr'><strong>quem</strong></span> <span class='ocrx_word' id='word_1_74' title='bbox 2082 827 2447 905; x_wconf 85' lang='lat' dir='ltr'><strong>exercitum,</strong></span> <span class='ocrx_word' id='word_1_75' title='bbox 2497 827 2613 908; x_wconf 93' lang='lat' dir='ltr'><strong>qui</strong></span> <span class='ocrx_word' id='word_1_76' title='bbox 2668 846 2798 890; x_wconf 91' lang='lat' dir='ltr'><strong>eum</strong></span> 
     </span>
     <span class='ocr_line' id='line_1_9' title="bbox 411 912 2792 1014; baseline -0.002 -36"><span class='ocrx_word' id='word_1_77' title='bbox 411 915 641 1014; x_wconf 92' lang='lat' dir='ltr'><strong>populo</strong></span> <span class='ocrx_word' id='word_1_78' title='bbox 686 915 973 977; x_wconf 89' lang='lat' dir='ltr'><strong>Romano</strong></span> <span class='ocrx_word' id='word_1_79' title='bbox 1018 913 1286 978; x_wconf 85' lang='lat' dir='ltr'><strong>sociisve</strong></span> <span class='ocrx_word' id='word_1_80' title='bbox 1332 913 1567 977; x_wconf 91' lang='lat' dir='ltr'><strong>bellum</strong></span> <span class='ocrx_word' id='word_1_81' title='bbox 1611 918 1904 996; x_wconf 87' lang='lat' dir='ltr'><strong>gesturus</strong></span> <span class='ocrx_word' id='word_1_82' title='bbox 1950 913 2085 993; x_wconf 91' lang='lat' dir='ltr'><strong>erit,</strong></span> <span class='ocrx_word' id='word_1_83' title='bbox 2131 933 2247 977; x_wconf 85' lang='lat' dir='ltr'><strong>rex</strong></span> <span class='ocrx_word' id='word_1_84' title='bbox 2286 934 2401 997; x_wconf 93' lang='lat' dir='ltr'><strong>per</strong></span> <span class='ocrx_word' id='word_1_85' title='bbox 2429 912 2599 978; x_wconf 89' lang='lat' dir='ltr'><strong>fines</strong></span> <span class='ocrx_word' id='word_1_86' title='bbox 2631 913 2792 996; x_wconf 87' lang='lat' dir='ltr'><strong>regni</strong></span> 
     </span>
     <span class='ocr_line' id='line_1_10' title="bbox 413 965 2791 1080; baseline -0.001 -16"><span class='ocrx_word' id='word_1_87' title='bbox 413 1001 509 1064; x_wconf 91' lang='lat' dir='ltr'><strong>sui</strong></span> <span class='ocrx_word' id='word_1_88' title='bbox 541 1019 857 1080; x_wconf 83' lang='lat' dir='ltr'><strong>eorumve,</strong></span> <span class='ocrx_word' id='word_1_89' title='bbox 908 1000 1013 1080; x_wconf 91' lang='lat' dir='ltr'><strong>qui</strong></span> <span class='ocrx_word' id='word_1_90' title='bbox 1045 1000 1161 1066; x_wconf 90' lang='lat' dir='ltr'><strong>sub</strong></span> <span class='ocrx_word' id='word_1_91' title='bbox 1194 998 1443 1064; x_wconf 90' lang='lat' dir='ltr'><strong>dicione</strong></span> <span class='ocrx_word' id='word_1_92' title='bbox 1476 1000 1610 1063; x_wconf 92' lang='lat' dir='ltr'><strong>eius</strong></span> <span class='ocrx_word' id='word_1_93' title='bbox 1654 1006 1855 1079; x_wconf 85' lang='lat' dir='ltr'><strong>erunt,</strong></span> <span class='ocrx_word' id='word_1_94' title='bbox 1902 965 2168 1064; x_wconf 74' lang='lat' dir='ltr'><strong>transire</strong></span> <span class='ocrx_word' id='word_1_95' title='bbox 2215 1001 2422 1080; x_wconf 84' lang='lat' dir='ltr'><strong>sinit0,</strong></span> <span class='ocrx_word' id='word_1_96' title='bbox 2469 1020 2602 1064; x_wconf 88' lang='lat' dir='ltr'><strong>neu</strong></span> <span class='ocrx_word' id='word_1_97' title='bbox 2651 1020 2791 1064; x_wconf 90' lang='lat' dir='ltr'><strong>com</strong></span> 
     </span>
    </p>

    <p class='ocr_par' dir='ltr' id='par_1_5' title="bbox 344 1085 2874 1342">
     <span class='ocr_line' id='line_1_11' title="bbox 344 1085 2874 1169; baseline 0 -24"><span class='ocrx_word' id='word_1_98' title='bbox 344 1098 374 1145; x_wconf 89' lang='lat'><strong>3</strong></span> <span class='ocrx_word' id='word_1_99' title='bbox 412 1093 625 1151; x_wconf 89' lang='lat' dir='ltr'><strong>meatu</strong></span> <span class='ocrx_word' id='word_1_100' title='bbox 670 1105 796 1150; x_wconf 93' lang='lat' dir='ltr'><strong>neu</strong></span> <span class='ocrx_word' id='word_1_101' title='bbox 842 1106 966 1168; x_wconf 91' lang='lat' dir='ltr'><strong>qua</strong></span> <span class='ocrx_word' id='word_1_102' title='bbox 1010 1086 1137 1150; x_wconf 88' lang='lat' dir='ltr'><strong>alia</strong></span> <span class='ocrx_word' id='word_1_103' title='bbox 1180 1106 1299 1169; x_wconf 93' lang='lat' dir='ltr'><strong>ope</strong></span> <span class='ocrx_word' id='word_1_104' title='bbox 1345 1087 1589 1169; x_wconf 87' lang='lat' dir='ltr'><strong>iuvato;</strong></span> <span class='ocrx_word' id='word_1_105' title='bbox 1638 1085 1807 1150; x_wconf 91' lang='lat' dir='ltr'><strong>idem</strong></span> <span class='ocrx_word' id='word_1_106' title='bbox 1852 1087 2123 1150; x_wconf 89' lang='lat' dir='ltr'><strong>Romani</strong></span> <span class='ocrx_word' id='word_1_107' title='bbox 2169 1087 2449 1169; x_wconf 88' lang='lat' dir='ltr'><strong>sociique</strong></span> <span class='ocrx_word' id='word_1_108' title='bbox 2489 1085 2794 1151; x_wconf 90' lang='lat' dir='ltr'><strong>Antiocho</strong></span> <span class='ocrx_word' id='word_1_109' title='bbox 2826 1101 2874 1146; x_wconf 84' lang='lat'><strong>10</strong></span> 
     </span>
     <span class='ocr_line' id='line_1_12' title="bbox 413 1172 2796 1257; baseline -0.001 -20"><span class='ocrx_word' id='word_1_110' title='bbox 413 1180 476 1237; x_wconf 88' lang='lat' dir='ltr'><strong>et</strong></span> <span class='ocrx_word' id='word_1_111' title='bbox 520 1174 616 1254; x_wconf 86' lang='lat' dir='ltr'><strong>iis,</strong></span> <span class='ocrx_word' id='word_1_112' title='bbox 666 1174 772 1256; x_wconf 90' lang='lat' dir='ltr'><strong>qui</strong></span> <span class='ocrx_word' id='word_1_113' title='bbox 818 1173 934 1238; x_wconf 90' lang='lat' dir='ltr'><strong>sub</strong></span> <span class='ocrx_word' id='word_1_114' title='bbox 988 1173 1254 1256; x_wconf 91' lang='lat' dir='ltr'><strong>imperio</strong></span> <span class='ocrx_word' id='word_1_115' title='bbox 1310 1173 1445 1236; x_wconf 92' lang='lat' dir='ltr'><strong>eius</strong></span> <span class='ocrx_word' id='word_1_116' title='bbox 1501 1179 1701 1253; x_wconf 85' lang='lat' dir='ltr'><strong>erunt,</strong></span> <span class='ocrx_word' id='word_1_117' title='bbox 1749 1179 2090 1257; x_wconf 87' lang='lat' dir='ltr'><strong>praestent.</strong></span> <span class='ocrx_word' id='word_1_118' title='bbox 2181 1173 2332 1238; x_wconf 90' lang='lat' dir='ltr'><strong>belli</strong></span> <span class='ocrx_word' id='word_1_119' title='bbox 2386 1172 2658 1256; x_wconf 85' lang='lat' dir='ltr'><strong>gerendi</strong></span> <span class='ocrx_word' id='word_1_120' title='bbox 2710 1172 2796 1235; x_wconf 89' lang='lat' dir='ltr'><strong>ius</strong></span> 
     </span>
     <span class='ocr_line' id='line_1_13' title="bbox 409 1259 2796 1342; baseline -0.001 -18"><span class='ocrx_word' id='word_1_121' title='bbox 409 1260 724 1325; x_wconf 90' lang='lat' dir='ltr'><strong>Antiocho</strong></span> <span class='ocrx_word' id='word_1_122' title='bbox 769 1280 851 1324; x_wconf 92' lang='lat' dir='ltr'><strong>ne</strong></span> <span class='ocrx_word' id='word_1_123' title='bbox 899 1265 1034 1324; x_wconf 91' lang='lat' dir='ltr'><strong>esto</strong></span> <span class='ocrx_word' id='word_1_124' title='bbox 1082 1279 1222 1323; x_wconf 91' lang='lat' dir='ltr'><strong>cum</strong></span> <span class='ocrx_word' id='word_1_125' title='bbox 1269 1259 1409 1339; x_wconf 86' lang='lat' dir='ltr'><strong>illis,</strong></span> <span class='ocrx_word' id='word_1_126' title='bbox 1459 1260 1566 1341; x_wconf 90' lang='lat' dir='ltr'><strong>qui</strong></span> <span class='ocrx_word' id='word_1_127' title='bbox 1612 1259 1852 1323; x_wconf 89' lang='lat' dir='ltr'><strong>insulas</strong></span> <span class='ocrx_word' id='word_1_128' title='bbox 1898 1260 2129 1341; x_wconf 85' lang='lat' dir='ltr'><strong>colunt,</strong></span> <span class='ocrx_word' id='word_1_129' title='bbox 2176 1280 2341 1324; x_wconf 86' lang='lat' dir='ltr'><strong>neve</strong></span> <span class='ocrx_word' id='word_1_130' title='bbox 2387 1261 2453 1323; x_wconf 94' lang='lat' dir='ltr'><strong>in</strong></span> <span class='ocrx_word' id='word_1_131' title='bbox 2485 1261 2796 1342; x_wconf 87' lang='lat' dir='ltr'><strong>Europam</strong></span> 
     </span>
    </p>

    <p class='ocr_par' dir='ltr' id='par_1_6' title="bbox 341 1345 2793 1515">
     <span class='ocr_line' id='line_1_14' title="bbox 341 1345 2793 1429; baseline 0.002 -24"><span class='ocrx_word' id='word_1_132' title='bbox 341 1359 374 1405; x_wconf 88' lang='lat'>4</span> <span class='ocrx_word' id='word_1_133' title='bbox 411 1346 800 1412; x_wconf 89' lang='lat' dir='ltr'><strong>transeundi.</strong></span> <span class='ocrx_word' id='word_1_134' title='bbox 895 1345 1185 1410; x_wconf 84' lang='lat' dir='ltr'><strong>excedito</strong></span> <span class='ocrx_word' id='word_1_135' title='bbox 1254 1346 1518 1410; x_wconf 84' lang='lat' dir='ltr'><strong>urbibus</strong></span> <span class='ocrx_word' id='word_1_136' title='bbox 1577 1346 1748 1429; x_wconf 84' lang='lat' dir='ltr'><strong>agris</strong></span> <span class='ocrx_word' id='word_1_137' title='bbox 1808 1346 1967 1410; x_wconf 87' lang='lat' dir='ltr'><strong>vicis</strong></span> <span class='ocrx_word' id='word_1_138' title='bbox 2028 1347 2301 1411; x_wconf 85' lang='lat' dir='ltr'><strong>castellis</strong></span> <span class='ocrx_word' id='word_1_139' title='bbox 2371 1347 2463 1410; x_wconf 91' lang='lat' dir='ltr'><strong>eis</strong></span> <span class='ocrx_word' id='word_1_140' title='bbox 2526 1347 2793 1410; x_wconf 88' lang='lat' dir='ltr'><strong>Taurum</strong></span> 
     </span>
     <span class='ocr_line' id='line_1_15' title="bbox 410 1432 2791 1515; baseline -0.002 -17"><span class='ocrx_word' id='word_1_141' title='bbox 410 1441 688 1498; x_wconf 92' lang='lat' dir='ltr'><strong>montem</strong></span> <span class='ocrx_word' id='word_1_142' title='bbox 718 1453 919 1515; x_wconf 88' lang='lat' dir='ltr'><strong>usque</strong></span> <span class='ocrx_word' id='word_1_143' title='bbox 949 1432 1033 1496; x_wconf 94' lang='lat' dir='ltr'><strong>ad</strong></span> <span class='ocrx_word' id='word_1_144' title='bbox 1063 1432 1279 1514; x_wconf 89' lang='lat' dir='ltr'><strong>Halyn</strong></span> <span class='ocrx_word' id='word_1_145' title='bbox 1319 1452 1590 1513; x_wconf 79' lang='lat' dir='ltr'><strong>amnem,</strong></span> <span class='ocrx_word' id='word_1_146' title='bbox 1640 1438 1703 1495; x_wconf 93' lang='lat' dir='ltr'><strong>et</strong></span> <span class='ocrx_word' id='word_1_147' title='bbox 1745 1453 1785 1495; x_wconf 93' lang='lat' dir='ltr'><strong>a</strong></span> <span class='ocrx_word' id='word_1_148' title='bbox 1829 1434 1994 1498; x_wconf 88' lang='lat' dir='ltr'><strong>valle</strong></span> <span class='ocrx_word' id='word_1_149' title='bbox 2039 1433 2230 1496; x_wconf 88' lang='lat' dir='ltr'><strong>Tauri</strong></span> <span class='ocrx_word' id='word_1_150' title='bbox 2268 1453 2470 1514; x_wconf 90' lang='lat' dir='ltr'><strong>usque</strong></span> <span class='ocrx_word' id='word_1_151' title='bbox 2509 1433 2599 1497; x_wconf 91' lang='lat' dir='ltr'><strong>ad</strong></span> <span class='ocrx_word' id='word_1_152' title='bbox 2637 1433 2791 1514; x_wconf 84' lang='lat' dir='ltr'><strong>iuga,</strong></span> 
     </span>
    </p>

    <p class='ocr_par' dir='ltr' id='par_1_7' title="bbox 341 1518 2873 1690">
     <span class='ocr_line' id='line_1_16' title="bbox 341 1518 2873 1604; baseline -0.002 -22"><span class='ocrx_word' id='word_1_153' title='bbox 341 1535 371 1582; x_wconf 88' lang='lat'>5</span> <span class='ocrx_word' id='word_1_154' title='bbox 412 1541 536 1602; x_wconf 90' lang='lat' dir='ltr'><strong>qua</strong></span> <span class='ocrx_word' id='word_1_155' title='bbox 586 1521 654 1584; x_wconf 90' lang='lat' dir='ltr'><strong>in</strong></span> <span class='ocrx_word' id='word_1_156' title='bbox 707 1519 1098 1602; x_wconf 81' lang='lat' dir='ltr'><strong>Lycaoniam</strong></span> <span class='ocrx_word' id='word_1_157' title='bbox 1152 1520 1376 1602; x_wconf 85' lang='lat' dir='ltr'><strong>vergit.</strong></span> <span class='ocrx_word' id='word_1_158' title='bbox 1470 1539 1552 1582; x_wconf 93' lang='lat' dir='ltr'><strong>ne</strong></span> <span class='ocrx_word' id='word_1_159' title='bbox 1609 1539 1734 1600; x_wconf 91' lang='lat' dir='ltr'><strong>qua</strong></span> <span class='ocrx_word' id='word_1_160' title='bbox 1770 1530 2043 1604; x_wconf 77' lang='lat' dir='ltr'><strong>praeter</strong></span> <span class='ocrx_word' id='word_1_161' title='bbox 2088 1539 2266 1584; x_wconf 92' lang='lat' dir='ltr'><strong>arma</strong></span> <span class='ocrx_word' id='word_1_162' title='bbox 2321 1521 2543 1584; x_wconf 87' lang='lat' dir='ltr'><strong>efferto</strong></span> <span class='ocrx_word' id='word_1_163' title='bbox 2601 1539 2682 1584; x_wconf 83' lang='lat' dir='ltr'><strong>ex</strong></span> <span class='ocrx_word' id='word_1_164' title='bbox 2724 1518 2793 1580; x_wconf 89' lang='lat' dir='ltr'><strong>iis</strong></span> <span class='ocrx_word' id='word_1_165' title='bbox 2826 1532 2873 1576; x_wconf 66' lang='lat'><strong>152</strong></span> 
     </span>
     <span class='ocr_line' id='line_1_17' title="bbox 409 1604 2790 1690; baseline -0.002 -19"><span class='ocrx_word' id='word_1_166' title='bbox 409 1605 660 1690; x_wconf 89' lang='lat' dir='ltr'><strong>oppidis</strong></span> <span class='ocrx_word' id='word_1_167' title='bbox 720 1607 891 1690; x_wconf 87' lang='lat' dir='ltr'><strong>agris</strong></span> <span class='ocrx_word' id='word_1_168' title='bbox 952 1606 1370 1687; x_wconf 83' lang='lat' dir='ltr'><strong>castellisque,</strong></span> <span class='ocrx_word' id='word_1_169' title='bbox 1430 1606 1659 1686; x_wconf 91' lang='lat' dir='ltr'><strong>quibus</strong></span> <span class='ocrx_word' id='word_1_170' title='bbox 1720 1604 2017 1688; x_wconf 80' lang='lat' dir='ltr'><strong>excedat3</strong></span> <span class='ocrx_word' id='word_1_171' title='bbox 2080 1607 2133 1670; x_wconf 93' lang='lat' dir='ltr'><strong>si</strong></span> <span class='ocrx_word' id='word_1_172' title='bbox 2195 1626 2321 1687; x_wconf 90' lang='lat' dir='ltr'><strong>qua</strong></span> <span class='ocrx_word' id='word_1_173' title='bbox 2374 1607 2627 1687; x_wconf 79' lang='lat' dir='ltr'><strong>extulit,</strong></span> <span class='ocrx_word' id='word_1_174' title='bbox 2681 1623 2790 1686; x_wconf 91' lang='lat' dir='ltr'><strong>quo</strong></span> 
     </span>
    </p>

    <p class='ocr_par' dir='ltr' id='par_1_8' title="bbox 342 1692 2795 1949">
     <span class='ocr_line' id='line_1_18' title="bbox 342 1692 2793 1776; baseline -0 -22"><span class='ocrx_word' id='word_1_175' title='bbox 342 1707 372 1754; x_wconf 86' lang='lat'>6</span> <span class='ocrx_word' id='word_1_176' title='bbox 410 1713 699 1774; x_wconf 91' lang='lat' dir='ltr'><strong>quaeque</strong></span> <span class='ocrx_word' id='word_1_177' title='bbox 744 1693 1077 1776; x_wconf 86' lang='lat' dir='ltr'><strong>oportebit,</strong></span> <span class='ocrx_word' id='word_1_178' title='bbox 1131 1698 1302 1757; x_wconf 92' lang='lat' dir='ltr'><strong>recte</strong></span> <span class='ocrx_word' id='word_1_179' title='bbox 1348 1692 1674 1757; x_wconf 88' lang='lat' dir='ltr'><strong>restituito.</strong></span> <span class='ocrx_word' id='word_1_180' title='bbox 1767 1711 1850 1756; x_wconf 93' lang='lat' dir='ltr'><strong>ne</strong></span> <span class='ocrx_word' id='word_1_181' title='bbox 1895 1693 2157 1757; x_wconf 88' lang='lat' dir='ltr'><strong>militem</strong></span> <span class='ocrx_word' id='word_1_182' title='bbox 2203 1713 2327 1757; x_wconf 92' lang='lat' dir='ltr'><strong>neu</strong></span> <span class='ocrx_word' id='word_1_183' title='bbox 2374 1713 2570 1774; x_wconf 91' lang='lat' dir='ltr'><strong>quem</strong></span> <span class='ocrx_word' id='word_1_184' title='bbox 2614 1692 2793 1756; x_wconf 89' lang='lat' dir='ltr'><strong>alium</strong></span> 
     </span>
     <span class='ocr_line' id='line_1_19' title="bbox 412 1779 2791 1863; baseline -0.001 -21"><span class='ocrx_word' id='word_1_185' title='bbox 412 1799 493 1842; x_wconf 85' lang='lat' dir='ltr'><strong>ex</strong></span> <span class='ocrx_word' id='word_1_186' title='bbox 549 1800 745 1863; x_wconf 82' lang='lat' dir='ltr'><strong>regno</strong></span> <span class='ocrx_word' id='word_1_187' title='bbox 799 1779 1101 1843; x_wconf 90' lang='lat' dir='ltr'><strong>Eumenis</strong></span> <span class='ocrx_word' id='word_1_188' title='bbox 1153 1779 1434 1862; x_wconf 88' lang='lat' dir='ltr'><strong>recipito.</strong></span> <span class='ocrx_word' id='word_1_189' title='bbox 1529 1779 1582 1843; x_wconf 90' lang='lat' dir='ltr'><strong>si</strong></span> <span class='ocrx_word' id='word_1_190' title='bbox 1638 1779 1744 1860; x_wconf 91' lang='lat' dir='ltr'><strong>qui</strong></span> <span class='ocrx_word' id='word_1_191' title='bbox 1799 1799 2013 1844; x_wconf 92' lang='lat' dir='ltr'><strong>earum</strong></span> <span class='ocrx_word' id='word_1_192' title='bbox 2075 1779 2324 1844; x_wconf 91' lang='lat' dir='ltr'><strong>urbium</strong></span> <span class='ocrx_word' id='word_1_193' title='bbox 2387 1780 2584 1861; x_wconf 85' lang='lat' dir='ltr'><strong>cives,</strong></span> <span class='ocrx_word' id='word_1_194' title='bbox 2644 1795 2791 1861; x_wconf 88' lang='lat' dir='ltr'><strong>quae</strong></span> 
     </span>
     <span class='ocr_line' id='line_1_20' title="bbox 409 1864 2795 1949; baseline -0.002 -20"><span class='ocrx_word' id='word_1_195' title='bbox 409 1886 606 1949; x_wconf 85' lang='lat' dir='ltr'><strong>regno</strong></span> <span class='ocrx_word' id='word_1_196' title='bbox 661 1865 1032 1946; x_wconf 84' lang='lat' dir='ltr'><strong>abscedunt,</strong></span> <span class='ocrx_word' id='word_1_197' title='bbox 1091 1885 1233 1929; x_wconf 91' lang='lat' dir='ltr'><strong>cum</strong></span> <span class='ocrx_word' id='word_1_198' title='bbox 1287 1884 1438 1949; x_wconf 85' lang='lat' dir='ltr'><strong>rege</strong></span> <span class='ocrx_word' id='word_1_199' title='bbox 1493 1864 1805 1930; x_wconf 90' lang='lat' dir='ltr'><strong>Antiocho</strong></span> <span class='ocrx_word' id='word_1_200' title='bbox 1865 1867 2155 1947; x_wconf 90' lang='lat' dir='ltr'><strong>intraque</strong></span> <span class='ocrx_word' id='word_1_201' title='bbox 2215 1865 2376 1931; x_wconf 91' lang='lat' dir='ltr'><strong>fines</strong></span> <span class='ocrx_word' id='word_1_202' title='bbox 2428 1866 2618 1949; x_wconf 84' lang='lat' dir='ltr'><strong>regni</strong></span> <span class='ocrx_word' id='word_1_203' title='bbox 2673 1864 2795 1929; x_wconf 89' lang='lat' dir='ltr'><strong>eius</strong></span> 
     </span>
    </p>

    <p class='ocr_par' dir='ltr' id='par_1_9' title="bbox 343 1951 2867 2210">
     <span class='ocr_line' id='line_1_21' title="bbox 343 1951 2867 2037; baseline -0.002 -25"><span class='ocrx_word' id='word_1_204' title='bbox 343 1967 371 2012; x_wconf 85' lang='lat'>7</span> <span class='ocrx_word' id='word_1_205' title='bbox 410 1959 575 2033; x_wconf 85' lang='lat' dir='ltr'><strong>sunt,</strong></span> <span class='ocrx_word' id='word_1_206' title='bbox 623 1954 975 2037; x_wconf 88' lang='lat' dir='ltr'><strong>Apameam</strong></span> <span class='ocrx_word' id='word_1_207' title='bbox 1021 1971 1240 2016; x_wconf 90' lang='lat' dir='ltr'><strong>omnes</strong></span> <span class='ocrx_word' id='word_1_208' title='bbox 1284 1958 1434 2016; x_wconf 90' lang='lat' dir='ltr'><strong>ante</strong></span> <span class='ocrx_word' id='word_1_209' title='bbox 1482 1951 1650 2016; x_wconf 90' lang='lat' dir='ltr'><strong>diem</strong></span> <span class='ocrx_word' id='word_1_210' title='bbox 1691 1959 1925 2017; x_wconf 90' lang='lat' dir='ltr'><strong>certam</strong></span> <span class='ocrx_word' id='word_1_211' title='bbox 1966 1951 2301 2035; x_wconf 87' lang='lat' dir='ltr'><strong>redeunto;</strong></span> <span class='ocrx_word' id='word_1_212' title='bbox 2350 1953 2456 2035; x_wconf 89' lang='lat' dir='ltr'><strong>qui</strong></span> <span class='ocrx_word' id='word_1_213' title='bbox 2489 1973 2579 2017; x_wconf 84' lang='lat' dir='ltr'><strong>ex</strong></span> <span class='ocrx_word' id='word_1_214' title='bbox 2608 1970 2791 2034; x_wconf 86' lang='lat' dir='ltr'><strong>regno</strong></span> <span class='ocrx_word' id='word_1_215' title='bbox 2823 1962 2867 2009; x_wconf 59' lang='grc' dir='ltr'><strong>’ρο</strong></span> 
     </span>
     <span class='ocr_line' id='line_1_22' title="bbox 409 2038 2794 2122; baseline -0 -20"><span class='ocrx_word' id='word_1_216' title='bbox 409 2039 705 2103; x_wconf 91' lang='lat' dir='ltr'><strong>Antiochi</strong></span> <span class='ocrx_word' id='word_1_217' title='bbox 750 2038 921 2122; x_wconf 88' lang='lat' dir='ltr'><strong>apud</strong></span> <span class='ocrx_word' id='word_1_218' title='bbox 967 2040 1285 2104; x_wconf 87' lang='lat' dir='ltr'><strong>Romanos</strong></span> <span class='ocrx_word' id='word_1_219' title='bbox 1333 2039 1660 2120; x_wconf 88' lang='lat' dir='ltr'><strong>sociosque</strong></span> <span class='ocrx_word' id='word_1_220' title='bbox 1713 2046 1878 2120; x_wconf 76' lang='lat' dir='ltr'><strong>sunt,</strong></span> <span class='ocrx_word' id='word_1_221' title='bbox 1934 2039 2012 2103; x_wconf 91' lang='lat' dir='ltr'><strong>iis</strong></span> <span class='ocrx_word' id='word_1_222' title='bbox 2065 2038 2164 2103; x_wconf 89' lang='lat' dir='ltr'><strong>ius</strong></span> <span class='ocrx_word' id='word_1_223' title='bbox 2215 2038 2494 2103; x_wconf 91' lang='lat' dir='ltr'><strong>abeundi</strong></span> <span class='ocrx_word' id='word_1_224' title='bbox 2552 2056 2794 2103; x_wconf 89' lang='lat' dir='ltr'><strong>manen-</strong></span> 
     </span>
     <span class='ocr_line' id='line_1_23' title="bbox 399 2123 2793 2210; baseline -0.002 -21"><span class='ocrx_word' id='word_1_225' title='bbox 399 2124 600 2208; x_wconf 88' lang='lat' dir='ltr'><strong>dique</strong></span> <span class='ocrx_word' id='word_1_226' title='bbox 645 2133 807 2210; x_wconf 80' lang='lat' dir='ltr'><strong>est03</strong></span> <span class='ocrx_word' id='word_1_227' title='bbox 867 2146 1083 2191; x_wconf 89' lang='lat' dir='ltr'><strong>servos</strong></span> <span class='ocrx_word' id='word_1_228' title='bbox 1128 2146 1241 2190; x_wconf 91' lang='lat' dir='ltr'><strong>seu</strong></span> <span class='ocrx_word' id='word_1_229' title='bbox 1285 2125 1590 2210; x_wconf 84' lang='lat' dir='ltr'><strong>fugitivos</strong></span> <span class='ocrx_word' id='word_1_230' title='bbox 1636 2147 1748 2191; x_wconf 89' lang='lat' dir='ltr'><strong>seu</strong></span> <span class='ocrx_word' id='word_1_231' title='bbox 1795 2125 1958 2192; x_wconf 92' lang='lat' dir='ltr'><strong>bello</strong></span> <span class='ocrx_word' id='word_1_232' title='bbox 2006 2132 2242 2209; x_wconf 78' lang='lat' dir='ltr'><strong>captOS‚</strong></span> <span class='ocrx_word' id='word_1_233' title='bbox 2298 2146 2410 2191; x_wconf 90' lang='lat' dir='ltr'><strong>seu</strong></span> <span class='ocrx_word' id='word_1_234' title='bbox 2455 2127 2602 2208; x_wconf 91' lang='lat' dir='ltr'><strong>quis</strong></span> <span class='ocrx_word' id='word_1_235' title='bbox 2646 2123 2793 2190; x_wconf 90' lang='lat' dir='ltr'><strong>liber</strong></span> 
     </span>
    </p>

    <p class='ocr_par' dir='ltr' id='par_1_10' title="bbox 341 2212 2790 2382">
     <span class='ocr_line' id='line_1_24' title="bbox 341 2212 2790 2298; baseline -0 -25"><span class='ocrx_word' id='word_1_236' title='bbox 341 2227 371 2273; x_wconf 82' lang='lat'>8</span> <span class='ocrx_word' id='word_1_237' title='bbox 411 2220 634 2297; x_wconf 91' lang='lat' dir='ltr'><strong>captus</strong></span> <span class='ocrx_word' id='word_1_238' title='bbox 678 2220 788 2277; x_wconf 92' lang='lat' dir='ltr'><strong>aut</strong></span> <span class='ocrx_word' id='word_1_239' title='bbox 832 2213 1161 2295; x_wconf 83' lang='lat' dir='ltr'><strong>transfuga</strong></span> <span class='ocrx_word' id='word_1_240' title='bbox 1207 2213 1341 2293; x_wconf 81' lang='lat' dir='ltr'><strong>erit,</strong></span> <span class='ocrx_word' id='word_1_241' title='bbox 1389 2212 1635 2277; x_wconf 88' lang='lat' dir='ltr'><strong>reddito</strong></span> <span class='ocrx_word' id='word_1_242' title='bbox 1668 2214 1970 2277; x_wconf 88' lang='lat' dir='ltr'><strong>Romanis</strong></span> <span class='ocrx_word' id='word_1_243' title='bbox 2018 2213 2348 2295; x_wconf 89' lang='lat' dir='ltr'><strong>sociisque.</strong></span> <span class='ocrx_word' id='word_1_244' title='bbox 2429 2212 2790 2298; x_wconf 84' lang='lat' dir='ltr'><strong>elephantos</strong></span> 
     </span>
     <span class='ocr_line' id='line_1_25' title="bbox 409 2298 2790 2382; baseline 0 -20"><span class='ocrx_word' id='word_1_245' title='bbox 409 2298 641 2364; x_wconf 86' lang='lat' dir='ltr'><strong>tradito</strong></span> <span class='ocrx_word' id='word_1_246' title='bbox 710 2320 955 2381; x_wconf 87' lang='lat' dir='ltr'><strong>omnes,</strong></span> <span class='ocrx_word' id='word_1_247' title='bbox 1026 2319 1232 2380; x_wconf 91' lang='lat' dir='ltr'><strong>neque</strong></span> <span class='ocrx_word' id='word_1_248' title='bbox 1300 2299 1455 2363; x_wconf 91' lang='lat' dir='ltr'><strong>alios</strong></span> <span class='ocrx_word' id='word_1_249' title='bbox 1524 2306 1762 2382; x_wconf 90' lang='lat' dir='ltr'><strong>parato.</strong></span> <span class='ocrx_word' id='word_1_250' title='bbox 1885 2298 2114 2364; x_wconf 89' lang='lat' dir='ltr'><strong>tradito</strong></span> <span class='ocrx_word' id='word_1_251' title='bbox 2185 2306 2248 2364; x_wconf 93' lang='lat' dir='ltr'><strong>et</strong></span> <span class='ocrx_word' id='word_1_252' title='bbox 2314 2319 2513 2365; x_wconf 89' lang='lat' dir='ltr'><strong>naves</strong></span> <span class='ocrx_word' id='word_1_253' title='bbox 2584 2301 2790 2381; x_wconf 82' lang='lat' dir='ltr'><strong>longas</strong></span> 
     </span>
    </p>
   </div>
   <div class='ocr_carea' id='block_1_3' title="bbox 409 2468 824 2476">
    <p class='ocr_par' dir='ltr' id='par_1_11' title="bbox 409 2468 824 2476">
     <span class='ocr_line' id='line_1_26' title="bbox 409 2468 824 2476; baseline 0 0"><span class='ocrx_word' id='word_1_254' title='bbox 409 2468 824 2476; x_wconf 95' lang='lat' dir='ltr'><strong> </strong></span> 
     </span>
    </p>
   </div>
   <div class='ocr_carea' id='block_1_4' title="bbox 403 2575 2787 3860">
    <p class='ocr_par' dir='ltr' id='par_1_12' title="bbox 403 2575 2787 3860">
     <span class='ocr_line' id='line_1_27' title="bbox 409 2575 2787 2646; baseline -0 -18"><span class='ocrx_word' id='word_1_255' title='bbox 409 2579 510 2629; x_wconf 90' lang='lat' dir='ltr'><strong>est.</strong></span> <span class='ocrx_word' id='word_1_256' title='bbox 558 2591 592 2628; x_wconf 91' lang='lat' dir='ltr'><strong>a</strong></span> <span class='ocrx_word' id='word_1_257' title='bbox 627 2576 810 2644; x_wconf 88' lang='lat' dir='ltr'><strong>Perga</strong></span> <span class='ocrx_word' id='word_1_258' title='bbox 856 2578 938 2630; x_wconf 81' lang='lat' dir='ltr'><strong>ed.</strong></span> <span class='ocrx_word' id='word_1_259' title='bbox 963 2578 1144 2631; x_wconf 87' lang='lat' dir='ltr'><strong>Basil.</strong></span> <span class='ocrx_word' id='word_1_260' title='bbox 1170 2580 1323 2644; x_wconf 87' lang='lat'><strong><em>1535,</em></strong></span> <span class='ocrx_word' id='word_1_261' title='bbox 1369 2575 1643 2644; x_wconf 89' lang='lat' dir='ltr'><strong>praesidio</strong></span> <span class='ocrx_word' id='word_1_262' title='bbox 1689 2575 1992 2630; x_wconf 89' lang='lat' dir='ltr'><strong>decessum.</strong></span> <span class='ocrx_word' id='word_1_263' title='bbox 2042 2581 2101 2630; x_wconf 89' lang='lat' dir='ltr'><strong>et</strong></span> <span class='ocrx_word' id='word_1_264' title='bbox 2143 2593 2176 2629; x_wconf 90' lang='lat' dir='ltr'><strong>a</strong></span> <span class='ocrx_word' id='word_1_265' title='bbox 2212 2577 2393 2646; x_wconf 83' lang='lat' dir='ltr'><strong>Perga</strong></span> <span class='ocrx_word' id='word_1_266' title='bbox 2425 2576 2787 2633; x_wconf 81' lang='lat' dir='ltr'><strong>Weissenborn</strong></span> 
     </span>
     <span class='ocr_line' id='line_1_28' title="bbox 408 2663 2782 2732; baseline -0.001 -14"><span class='ocrx_word' id='word_1_267' title='bbox 408 2665 487 2718; x_wconf 81' lang='lat' dir='ltr'><strong>ed.</strong></span> <span class='ocrx_word' id='word_1_268' title='bbox 519 2666 717 2718; x_wconf 82' lang='lat' dir='ltr'><strong>Teubn.</strong></span> <span class='ocrx_word' id='word_1_269' title='bbox 747 2682 805 2732; x_wconf 77' lang='lat' dir='ltr'><strong>p.</strong></span> <span class='ocrx_word' id='word_1_270' title='bbox 833 2664 1076 2717; x_wconf 86' lang='lat' dir='ltr'><strong>XXIII.</strong></span> <span class='ocrx_word' id='word_1_271' title='bbox 1110 2667 1119 2730; x_wconf 82' lang='lat'><strong>1</strong></span> <span class='ocrx_word' id='word_1_272' title='bbox 1152 2667 1198 2718; x_wconf 93' lang='lat'><strong>1.</strong></span> <span class='ocrx_word' id='word_1_273' title='bbox 1245 2663 1497 2717; x_wconf 89' lang='lat' dir='ltr'><strong>Oroanda</strong></span> <span class='ocrx_word' id='word_1_274' title='bbox 1545 2665 1643 2719; x_wconf 85' lang='lat' dir='ltr'><strong>lac.</strong></span> <span class='ocrx_word' id='word_1_275' title='bbox 1678 2667 1770 2719; x_wconf 74' lang='lat' dir='ltr'><strong>rel.</strong></span> <span class='ocrx_word' id='word_1_276' title='bbox 1806 2683 1904 2719; x_wconf 82' lang='lat' dir='ltr'><strong>om.</strong></span> <span class='ocrx_word' id='word_1_277' title='bbox 1943 2664 2003 2716; x_wconf 92' lang='lat' dir='ltr'><strong>B.</strong></span> <span class='ocrx_word' id='word_1_278' title='bbox 2038 2668 2044 2729; x_wconf 91' lang='grc' dir='ltr'>Ι</span> <span class='ocrx_word' id='word_1_279' title='bbox 2077 2669 2125 2719; x_wconf 89' lang='grc'><strong>5.</strong></span> <span class='ocrx_word' id='word_1_280' title='bbox 2172 2663 2289 2717; x_wconf 89' lang='lat' dir='ltr'><strong>fere</strong></span> <span class='ocrx_word' id='word_1_281' title='bbox 2334 2664 2406 2732; x_wconf 85' lang='lat' dir='ltr'><strong>M,</strong></span> <span class='ocrx_word' id='word_1_282' title='bbox 2444 2667 2654 2730; x_wconf 81' lang='lat' dir='ltr'><strong>Aldus;</strong></span> <span class='ocrx_word' id='word_1_283' title='bbox 2694 2677 2782 2716; x_wconf 84' lang='lat' dir='ltr'><strong>om.</strong></span> 
     </span>
     <span class='ocr_line' id='line_1_29' title="bbox 406 2749 2784 2818; baseline -0.001 -14"><span class='ocrx_word' id='word_1_284' title='bbox 406 2753 499 2805; x_wconf 84' lang='lat' dir='ltr'><strong>rel.</strong></span> <span class='ocrx_word' id='word_1_285' title='bbox 536 2752 651 2805; x_wconf 83' lang='lat' dir='ltr'><strong>cod.</strong></span> <span class='ocrx_word' id='word_1_286' title='bbox 685 2750 773 2817; x_wconf 92' lang='lat' dir='ltr'><strong>(B)</strong></span> <span class='ocrx_word' id='word_1_287' title='bbox 820 2756 869 2803; x_wconf 84' lang='lat' dir='ltr'><strong>et</strong></span> <span class='ocrx_word' id='word_1_288' title='bbox 922 2751 1001 2804; x_wconf 84' lang='lat' dir='ltr'><strong>ed.</strong></span> <span class='ocrx_word' id='word_1_289' title='bbox 1028 2751 1205 2818; x_wconf 79' lang='lat' dir='ltr'><strong>prior.</strong></span> <span class='ocrx_word' id='word_1_290' title='bbox 1238 2752 1247 2816; x_wconf 89' lang='grc' dir='ltr'>Ι</span> <span class='ocrx_word' id='word_1_291' title='bbox 1287 2764 1411 2802; x_wconf 92' lang='lat' dir='ltr'><strong>cum</strong></span> <span class='ocrx_word' id='word_1_292' title='bbox 1442 2749 1726 2804; x_wconf 88' lang='lat' dir='ltr'><strong>Antiocho</strong></span> <span class='ocrx_word' id='word_1_293' title='bbox 1760 2769 1860 2805; x_wconf 87' lang='lat' dir='ltr'><strong>om.</strong></span> <span class='ocrx_word' id='word_1_294' title='bbox 1896 2750 1957 2803; x_wconf 93' lang='lat' dir='ltr'><strong>B.</strong></span> <span class='ocrx_word' id='word_1_295' title='bbox 1991 2756 1998 2813; x_wconf 91' lang='grc' dir='ltr'>Ι</span> <span class='ocrx_word' id='word_1_296' title='bbox 2049 2754 2096 2806; x_wconf 88' lang='grc'><strong>6.</strong></span> <span class='ocrx_word' id='word_1_297' title='bbox 2142 2751 2428 2805; x_wconf 89' lang='lat' dir='ltr'><strong>Antiocho</strong></span> <span class='ocrx_word' id='word_1_298' title='bbox 2471 2752 2542 2818; x_wconf 91' lang='lat' dir='ltr'><strong>M,</strong></span> <span class='ocrx_word' id='word_1_299' title='bbox 2591 2749 2784 2810; x_wconf 72' lang='lat' dir='ltr'><strong>Aldus,-</strong></span> 
     </span>
     <span class='ocr_line' id='line_1_30' title="bbox 408 2836 2782 2906; baseline -0.002 -14"><span class='ocrx_word' id='word_1_300' title='bbox 408 2855 508 2892; x_wconf 85' lang='lat' dir='ltr'><strong>om.</strong></span> <span class='ocrx_word' id='word_1_301' title='bbox 534 2839 625 2891; x_wconf 81' lang='lat' dir='ltr'><strong>rel.</strong></span> <span class='ocrx_word' id='word_1_302' title='bbox 655 2837 770 2890; x_wconf 81' lang='lat' dir='ltr'><strong>cod.</strong></span> <span class='ocrx_word' id='word_1_303' title='bbox 797 2836 883 2903; x_wconf 89' lang='lat' dir='ltr'><strong>(B)</strong></span> <span class='ocrx_word' id='word_1_304' title='bbox 920 2842 969 2890; x_wconf 83' lang='lat' dir='ltr'><strong>et</strong></span> <span class='ocrx_word' id='word_1_305' title='bbox 1005 2837 1081 2890; x_wconf 85' lang='lat' dir='ltr'><strong>ed.</strong></span> <span class='ocrx_word' id='word_1_306' title='bbox 1101 2838 1277 2905; x_wconf 74' lang='lat' dir='ltr'><strong>prior.</strong></span> <span class='ocrx_word' id='word_1_307' title='bbox 1314 2838 1321 2903; x_wconf 96' lang='grc' dir='ltr'>Ι</span> <span class='ocrx_word' id='word_1_308' title='bbox 1353 2841 1402 2891; x_wconf 87' lang='grc'><strong>9.</strong></span> <span class='ocrx_word' id='word_1_309' title='bbox 1441 2851 1542 2889; x_wconf 90' lang='lat' dir='ltr'><strong>nec</strong></span> <span class='ocrx_word' id='word_1_310' title='bbox 1591 2842 1893 2890; x_wconf 91' lang='lat' dir='ltr'><strong>commeatu</strong></span> <span class='ocrx_word' id='word_1_311' title='bbox 1938 2853 2041 2891; x_wconf 93' lang='lat' dir='ltr'><strong>nec</strong></span> <span class='ocrx_word' id='word_1_312' title='bbox 2085 2854 2195 2906; x_wconf 90' lang='lat' dir='ltr'><strong>qua</strong></span> <span class='ocrx_word' id='word_1_313' title='bbox 2241 2838 2350 2891; x_wconf 88' lang='lat' dir='ltr'><strong>alia</strong></span> <span class='ocrx_word' id='word_1_314' title='bbox 2390 2838 2451 2892; x_wconf 91' lang='lat' dir='ltr'><strong>B.</strong></span> <span class='ocrx_word' id='word_1_315' title='bbox 2484 2841 2491 2904; x_wconf 90' lang='grc' dir='ltr'>Ι</span> <span class='ocrx_word' id='word_1_316' title='bbox 2528 2843 2609 2894; x_wconf 93' lang='grc'><strong>11.</strong></span> <span class='ocrx_word' id='word_1_317' title='bbox 2645 2846 2782 2904; x_wconf 86' lang='lat' dir='ltr'><strong>prae-</strong></span> 
     </span>
     <span class='ocr_line' id='line_1_31' title="bbox 407 2924 2779 2993; baseline -0.001 -18"><span class='ocrx_word' id='word_1_318' title='bbox 407 2928 558 2976; x_wconf 89' lang='lat' dir='ltr'><strong>stant</strong></span> <span class='ocrx_word' id='word_1_319' title='bbox 592 2941 683 2977; x_wconf 82' lang='lat' dir='ltr'><strong>un.</strong></span> <span class='ocrx_word' id='word_1_320' title='bbox 714 2925 826 2979; x_wconf 82' lang='lat' dir='ltr'><strong>cod.</strong></span> <span class='ocrx_word' id='word_1_321' title='bbox 853 2941 971 2990; x_wconf 66' lang='lat' dir='ltr'><strong>rec„</strong></span> <span class='ocrx_word' id='word_1_322' title='bbox 1009 2927 1333 2990; x_wconf 87' lang='lat' dir='ltr'><strong>praestanto</strong></span> <span class='ocrx_word' id='word_1_323' title='bbox 1369 2925 1572 2979; x_wconf 78' lang='lat' dir='ltr'><strong>Mnret.</strong></span> <span class='ocrx_word' id='word_1_324' title='bbox 1604 2928 1613 2991; x_wconf 86' lang='grc' dir='ltr'>Ι</span> <span class='ocrx_word' id='word_1_325' title='bbox 1648 2928 1727 2980; x_wconf 94' lang='grc'><strong>12.</strong></span> <span class='ocrx_word' id='word_1_326' title='bbox 1767 2940 1891 2977; x_wconf 91' lang='lat' dir='ltr'><strong>cum</strong></span> <span class='ocrx_word' id='word_1_327' title='bbox 1935 2924 2002 2977; x_wconf 87' lang='lat' dir='ltr'><strong>iis</strong></span> <span class='ocrx_word' id='word_1_328' title='bbox 2049 2927 2128 2979; x_wconf 82' lang='lat' dir='ltr'><strong>ed.</strong></span> <span class='ocrx_word' id='word_1_329' title='bbox 2155 2927 2332 2980; x_wconf 85' lang='lat' dir='ltr'><strong>Basil.</strong></span> <span class='ocrx_word' id='word_1_330' title='bbox 2358 2929 2511 2979; x_wconf 85' lang='lat'><strong>1535.</strong></span> <span class='ocrx_word' id='word_1_331' title='bbox 2547 2928 2555 2993; x_wconf 89' lang='grc' dir='ltr'>Ι</span> <span class='ocrx_word' id='word_1_332' title='bbox 2589 2927 2665 2979; x_wconf 87' lang='grc'><strong>13.</strong></span> <span class='ocrx_word' id='word_1_333' title='bbox 2701 2934 2779 2973; x_wconf 85' lang='lat' dir='ltr'><strong>ex-</strong></span> 
     </span>
     <span class='ocr_line' id='line_1_32' title="bbox 406 3003 2780 3079; baseline -0 -16"><span class='ocrx_word' id='word_1_334' title='bbox 406 3010 596 3078; x_wconf 88' lang='lat' dir='ltr'><strong>pedito</strong></span> <span class='ocrx_word' id='word_1_335' title='bbox 642 3008 876 3063; x_wconf 91' lang='lat' dir='ltr'><strong>urbibus</strong></span> <span class='ocrx_word' id='word_1_336' title='bbox 921 3010 984 3062; x_wconf 93' lang='lat' dir='ltr'><strong>B.</strong></span> <span class='ocrx_word' id='word_1_337' title='bbox 1017 3012 1025 3076; x_wconf 88' lang='grc' dir='ltr'>Ι</span> <span class='ocrx_word' id='word_1_338' title='bbox 1071 3012 1150 3064; x_wconf 93' lang='grc'><strong>14.</strong></span> <span class='ocrx_word' id='word_1_339' title='bbox 1189 3009 1261 3062; x_wconf 90' lang='lat' dir='ltr'><strong>ad</strong></span> <span class='ocrx_word' id='word_1_340' title='bbox 1307 3010 1494 3079; x_wconf 88' lang='lat' dir='ltr'><strong>Halyn</strong></span> <span class='ocrx_word' id='word_1_341' title='bbox 1540 3027 1753 3065; x_wconf 88' lang='lat' dir='ltr'><strong>amnem</strong></span> <span class='ocrx_word' id='word_1_342' title='bbox 1789 3013 2077 3075; x_wconf 78' lang='lat' dir='ltr'><strong>Budaeus5</strong></span> <span class='ocrx_word' id='word_1_343' title='bbox 2123 3011 2194 3064; x_wconf 91' lang='lat' dir='ltr'><strong>ad</strong></span> <span class='ocrx_word' id='word_1_344' title='bbox 2237 3012 2445 3065; x_wconf 85' lang='lat' dir='ltr'><strong>tanaim</strong></span> <span class='ocrx_word' id='word_1_345' title='bbox 2490 3025 2701 3065; x_wconf 85' lang='lat' dir='ltr'><strong>amnem</strong></span> <span class='ocrx_word' id='word_1_346' title='bbox 2741 3003 2780 3055; x_wconf 94' lang='grc' dir='ltr'><strong>Β</strong></span> 
     </span>
     <span class='ocr_line' id='line_1_33' title="bbox 405 3096 2778 3165; baseline -0.001 -13"><span class='ocrx_word' id='word_1_347' title='bbox 405 3105 454 3152; x_wconf 80' lang='lat' dir='ltr'><strong>et</strong></span> <span class='ocrx_word' id='word_1_348' title='bbox 501 3099 579 3153; x_wconf 85' lang='lat' dir='ltr'><strong>ed.</strong></span> <span class='ocrx_word' id='word_1_349' title='bbox 615 3105 728 3165; x_wconf 66' lang='lat' dir='ltr'><strong>vet„</strong></span> <span class='ocrx_word' id='word_1_350' title='bbox 774 3096 1027 3150; x_wconf 88' lang='lat' dir='ltr'><strong>achanim</strong></span> <span class='ocrx_word' id='word_1_351' title='bbox 1081 3112 1297 3164; x_wconf 90' lang='lat' dir='ltr'><strong>amnem</strong></span> <span class='ocrx_word' id='word_1_352' title='bbox 1341 3099 1461 3152; x_wconf 85' lang='lat' dir='ltr'><strong>sim.</strong></span> <span class='ocrx_word' id='word_1_353' title='bbox 1494 3100 1606 3154; x_wconf 80' lang='lat' dir='ltr'><strong>cod.</strong></span> <span class='ocrx_word' id='word_1_354' title='bbox 1634 3117 1752 3164; x_wconf 67' lang='lat' dir='ltr'><strong>rec„</strong></span> <span class='ocrx_word' id='word_1_355' title='bbox 1790 3098 1861 3152; x_wconf 90' lang='lat' dir='ltr'><strong>ad</strong></span> <span class='ocrx_word' id='word_1_356' title='bbox 1899 3098 2145 3151; x_wconf 91' lang='lat' dir='ltr'><strong>Taurum</strong></span> <span class='ocrx_word' id='word_1_357' title='bbox 2180 3114 2394 3152; x_wconf 92' lang='lat' dir='ltr'><strong>amnem</strong></span> <span class='ocrx_word' id='word_1_358' title='bbox 2432 3101 2537 3153; x_wconf 79' lang='lat' dir='ltr'><strong>Th.</strong></span> <span class='ocrx_word' id='word_1_359' title='bbox 2563 3099 2778 3153; x_wconf 80' lang='lat' dir='ltr'><strong>Momm-</strong></span> 
     </span>
     <span class='ocr_line' id='line_1_34' title="bbox 404 3182 2773 3253; baseline -0.003 -14"><span class='ocrx_word' id='word_1_360' title='bbox 404 3203 513 3239; x_wconf 82' lang='lat' dir='ltr'><strong>sen.</strong></span> <span class='ocrx_word' id='word_1_361' title='bbox 550 3188 556 3249; x_wconf 88' lang='grc' dir='ltr'>Ι</span> <span class='ocrx_word' id='word_1_362' title='bbox 587 3190 645 3238; x_wconf 88' lang='lat' dir='ltr'><strong>et</strong></span> <span class='ocrx_word' id='word_1_363' title='bbox 681 3200 714 3237; x_wconf 92' lang='lat' dir='ltr'><strong>a</strong></span> <span class='ocrx_word' id='word_1_364' title='bbox 749 3182 895 3238; x_wconf 85' lang='lat' dir='ltr'><strong>valle</strong></span> <span class='ocrx_word' id='word_1_365' title='bbox 932 3185 1047 3240; x_wconf 83' lang='lat' dir='ltr'><strong>cod.</strong></span> <span class='ocrx_word' id='word_1_366' title='bbox 1081 3202 1183 3239; x_wconf 80' lang='lat' dir='ltr'><strong>rec.</strong></span> <span class='ocrx_word' id='word_1_367' title='bbox 1213 3185 1371 3248; x_wconf 87' lang='lat' dir='ltr'><strong>(Lov.</strong></span> <span class='ocrx_word' id='word_1_368' title='bbox 1397 3190 1475 3252; x_wconf 79' lang='lat'><strong>2),</strong></span> <span class='ocrx_word' id='word_1_369' title='bbox 1511 3187 1589 3240; x_wconf 83' lang='lat' dir='ltr'><strong>ed.</strong></span> <span class='ocrx_word' id='word_1_370' title='bbox 1617 3188 1798 3240; x_wconf 82' lang='lat' dir='ltr'><strong>Paris.</strong></span> <span class='ocrx_word' id='word_1_371' title='bbox 1825 3190 1993 3252; x_wconf 88' lang='lat'><strong>1516‚·</strong></span> <span class='ocrx_word' id='word_1_372' title='bbox 2027 3185 2076 3237; x_wconf 76' lang='grc' dir='ltr'><strong>8ι</strong></span> <span class='ocrx_word' id='word_1_373' title='bbox 2112 3200 2178 3238; x_wconf 87' lang='lat' dir='ltr'><strong>ea</strong></span> <span class='ocrx_word' id='word_1_374' title='bbox 2214 3185 2362 3239; x_wconf 90' lang='lat' dir='ltr'><strong>ualle</strong></span> <span class='ocrx_word' id='word_1_375' title='bbox 2397 3185 2461 3253; x_wconf 91' lang='lat' dir='ltr'><strong>B,</strong></span> <span class='ocrx_word' id='word_1_376' title='bbox 2498 3190 2532 3238; x_wconf 82' lang='lat'><strong><em>4</em></strong></span> <span class='ocrx_word' id='word_1_377' title='bbox 2556 3184 2667 3241; x_wconf 84' lang='lat' dir='ltr'><strong>cod.</strong></span> <span class='ocrx_word' id='word_1_378' title='bbox 2689 3194 2773 3234; x_wconf 80' lang='lat' dir='ltr'><strong>rec·</strong></span> 
     </span>
     <span class='ocr_line' id='line_1_35' title="bbox 404 3269 2777 3341; baseline -0 -16"><span class='ocrx_word' id='word_1_379' title='bbox 404 3279 452 3325; x_wconf 83' lang='lat' dir='ltr'><strong>et</strong></span> <span class='ocrx_word' id='word_1_380' title='bbox 495 3274 572 3326; x_wconf 82' lang='lat' dir='ltr'><strong>ed.</strong></span> <span class='ocrx_word' id='word_1_381' title='bbox 613 3273 916 3340; x_wconf 66' lang='lat' dir='ltr'><strong>antiquiss„</strong></span> <span class='ocrx_word' id='word_1_382' title='bbox 967 3273 1069 3325; x_wconf 78' lang='lat' dir='ltr'><strong>Th.</strong></span> <span class='ocrx_word' id='word_1_383' title='bbox 1096 3273 1415 3327; x_wconf 76' lang='lat' dir='ltr'><strong>Mommsen.</strong></span> <span class='ocrx_word' id='word_1_384' title='bbox 1449 3274 1456 3337; x_wconf 80' lang='grc' dir='ltr'>Ι</span> <span class='ocrx_word' id='word_1_385' title='bbox 1497 3271 1569 3325; x_wconf 91' lang='lat' dir='ltr'><strong>ab</strong></span> <span class='ocrx_word' id='word_1_386' title='bbox 1617 3272 1751 3340; x_wconf 85' lang='lat' dir='ltr'><strong>iuga</strong></span> <span class='ocrx_word' id='word_1_387' title='bbox 1785 3272 1847 3327; x_wconf 93' lang='lat' dir='ltr'><strong>B.</strong></span> <span class='ocrx_word' id='word_1_388' title='bbox 1882 3274 1890 3337; x_wconf 87' lang='grc' dir='ltr'>Ι</span> <span class='ocrx_word' id='word_1_389' title='bbox 1924 3276 2005 3327; x_wconf 91' lang='grc'><strong>15.</strong></span> <span class='ocrx_word' id='word_1_390' title='bbox 2041 3272 2097 3325; x_wconf 90' lang='lat' dir='ltr'><strong>in</strong></span> <span class='ocrx_word' id='word_1_391' title='bbox 2142 3272 2400 3341; x_wconf 88' lang='lat' dir='ltr'><strong>lycaonia</strong></span> <span class='ocrx_word' id='word_1_392' title='bbox 2435 3272 2498 3325; x_wconf 91' lang='lat' dir='ltr'><strong>B.</strong></span> <span class='ocrx_word' id='word_1_393' title='bbox 2531 3274 2539 3338; x_wconf 90' lang='grc' dir='ltr'>Ι</span> <span class='ocrx_word' id='word_1_394' title='bbox 2578 3269 2777 3339; x_wconf 70' lang='lat' dir='ltr'><strong>praeter</strong></span> 
     </span>
     <span class='ocr_line' id='line_1_36' title="bbox 404 3345 2772 3427; baseline -0.001 -16"><span class='ocrx_word' id='word_1_395' title='bbox 404 3359 531 3411; x_wconf 84' lang='lat' dir='ltr'><strong>add.</strong></span> <span class='ocrx_word' id='word_1_396' title='bbox 559 3359 606 3412; x_wconf 92' lang='lat' dir='ltr'><strong>I.</strong></span> <span class='ocrx_word' id='word_1_397' title='bbox 636 3360 974 3426; x_wconf 74' lang='lat' dir='ltr'><strong>Perizonius,</strong></span> <span class='ocrx_word' id='word_1_398' title='bbox 998 3360 1302 3427; x_wconf 75' lang='lat' dir='ltr'><strong>BoecleruS,</strong></span> <span class='ocrx_word' id='word_1_399' title='bbox 1328 3362 1548 3426; x_wconf 90' lang='lat' dir='ltr'><strong>praeter</strong></span> <span class='ocrx_word' id='word_1_400' title='bbox 1574 3358 1807 3411; x_wconf 84' lang='lat' dir='ltr'><strong>militum</strong></span> <span class='ocrx_word' id='word_1_401' title='bbox 1843 3361 1970 3413; x_wconf 83' lang='lat' dir='ltr'><strong>add.</strong></span> <span class='ocrx_word' id='word_1_402' title='bbox 1996 3361 2384 3415; x_wconf 75' lang='lat' dir='ltr'><strong>Drakenborch</strong></span> <span class='ocrx_word' id='word_1_403' title='bbox 2408 3361 2471 3413; x_wconf 88' lang='lat' dir='ltr'><strong>in</strong></span> <span class='ocrx_word' id='word_1_404' title='bbox 2505 3360 2648 3422; x_wconf 67' lang='lat' dir='ltr'><strong>adn„</strong></span> <span class='ocrx_word' id='word_1_405' title='bbox 2683 3345 2772 3404; x_wconf 74' lang='lat' dir='ltr'><strong>nisi</strong></span> 
     </span>
     <span class='ocr_line' id='line_1_37' title="bbox 409 3435 2768 3515; baseline 0.001 -18"><span class='ocrx_word' id='word_1_406' title='bbox 409 3445 730 3500; x_wconf 83' lang='lat' dir='ltr'><strong>Tillmanns.</strong></span> <span class='ocrx_word' id='word_1_407' title='bbox 764 3447 772 3511; x_wconf 86' lang='grc' dir='ltr'>Ι</span> <span class='ocrx_word' id='word_1_408' title='bbox 804 3445 853 3497; x_wconf 76' lang='grc' dir='ltr'><strong>8ι</strong></span> <span class='ocrx_word' id='word_1_409' title='bbox 889 3443 1032 3497; x_wconf 89' lang='lat' dir='ltr'><strong>ferto</strong></span> <span class='ocrx_word' id='word_1_410' title='bbox 1067 3444 1130 3497; x_wconf 93' lang='lat' dir='ltr'><strong>B.</strong></span> <span class='ocrx_word' id='word_1_411' title='bbox 1165 3448 1171 3511; x_wconf 91' lang='grc' dir='ltr'>Ι</span> <span class='ocrx_word' id='word_1_412' title='bbox 1206 3447 1286 3499; x_wconf 88' lang='grc'><strong>16.</strong></span> <span class='ocrx_word' id='word_1_413' title='bbox 1325 3460 1436 3513; x_wconf 93' lang='lat' dir='ltr'><strong>quo</strong></span> <span class='ocrx_word' id='word_1_414' title='bbox 1474 3460 1726 3513; x_wconf 89' lang='lat' dir='ltr'><strong>quaeque</strong></span> <span class='ocrx_word' id='word_1_415' title='bbox 1764 3449 1812 3500; x_wconf 89' lang='lat' dir='ltr'><strong>I.</strong></span> <span class='ocrx_word' id='word_1_416' title='bbox 1840 3448 2173 3514; x_wconf 73' lang='lat' dir='ltr'><strong>PerizoniuS,</strong></span> <span class='ocrx_word' id='word_1_417' title='bbox 2210 3448 2280 3514; x_wconf 81' lang='lat' dir='ltr'><strong>cf.</strong></span> <span class='ocrx_word' id='word_1_418' title='bbox 2307 3447 2539 3515; x_wconf 72' lang='lat' dir='ltr'><strong>Madvig]</strong></span> <span class='ocrx_word' id='word_1_419' title='bbox 2571 3444 2688 3499; x_wconf 82' lang='lat' dir='ltr'><strong>Em.</strong></span> <span class='ocrx_word' id='word_1_420' title='bbox 2712 3435 2768 3490; x_wconf 79' lang='lat' dir='ltr'><strong>L·</strong></span> 
     </span>
     <span class='ocr_line' id='line_1_38' title="bbox 403 3532 2768 3601; baseline -0.002 -17"><span class='ocrx_word' id='word_1_421' title='bbox 403 3549 455 3599; x_wconf 83' lang='lat' dir='ltr'><strong>p.</strong></span> <span class='ocrx_word' id='word_1_422' title='bbox 484 3534 615 3598; x_wconf 79' lang='lat'><em>549;</em></span> <span class='ocrx_word' id='word_1_423' title='bbox 648 3545 790 3598; x_wconf 85' lang='lat' dir='ltr'><strong>quae</strong></span> <span class='ocrx_word' id='word_1_424' title='bbox 827 3545 1047 3599; x_wconf 90' lang='lat' dir='ltr'><strong>quoque</strong></span> <span class='ocrx_word' id='word_1_425' title='bbox 1085 3534 1200 3587; x_wconf 83' lang='lat' dir='ltr'><strong>cod.</strong></span> <span class='ocrx_word' id='word_1_426' title='bbox 1226 3532 1314 3599; x_wconf 91' lang='lat' dir='ltr'><strong>(B)</strong></span> <span class='ocrx_word' id='word_1_427' title='bbox 1341 3539 1389 3586; x_wconf 89' lang='lat' dir='ltr'><strong>et</strong></span> <span class='ocrx_word' id='word_1_428' title='bbox 1425 3534 1506 3587; x_wconf 84' lang='lat' dir='ltr'><strong>ed.</strong></span> <span class='ocrx_word' id='word_1_429' title='bbox 1533 3540 1626 3587; x_wconf 84' lang='lat' dir='ltr'><strong>vet.</strong></span> <span class='ocrx_word' id='word_1_430' title='bbox 1661 3538 1668 3598; x_wconf 92' lang='grc' dir='ltr'>Ι</span> <span class='ocrx_word' id='word_1_431' title='bbox 1703 3535 1782 3589; x_wconf 89' lang='lat'><strong>18.</strong></span> <span class='ocrx_word' id='word_1_432' title='bbox 1821 3532 2036 3601; x_wconf 82' lang='lat' dir='ltr'><strong>ciuesq3</strong></span> <span class='ocrx_word' id='word_1_433' title='bbox 2079 3546 2253 3600; x_wconf 82' lang='lat' dir='ltr'><strong>regno</strong></span> <span class='ocrx_word' id='word_1_434' title='bbox 2289 3532 2349 3586; x_wconf 91' lang='lat' dir='ltr'><strong>B.</strong></span> <span class='ocrx_word' id='word_1_435' title='bbox 2383 3532 2391 3599; x_wconf 94' lang='grc' dir='ltr'>Ι</span> <span class='ocrx_word' id='word_1_436' title='bbox 2427 3534 2505 3587; x_wconf 88' lang='lat'><strong>19.</strong></span> <span class='ocrx_word' id='word_1_437' title='bbox 2541 3532 2768 3593; x_wconf 82' lang='lat' dir='ltr'><strong>intraque</strong></span> 
     </span>
     <span class='ocr_line' id='line_1_39' title="bbox 403 3603 2764 3688; baseline 0.001 -19"><span class='ocrx_word' id='word_1_438' title='bbox 403 3616 547 3670; x_wconf 78' lang='lat' dir='ltr'><strong>vires</strong></span> <span class='ocrx_word' id='word_1_439' title='bbox 593 3619 731 3673; x_wconf 70' lang='lat' dir='ltr'><strong>com.</strong></span> <span class='ocrx_word' id='word_1_440' title='bbox 767 3619 958 3672; x_wconf 66' lang='lat' dir='ltr'><strong>Wazeh</strong></span> <span class='ocrx_word' id='word_1_441' title='bbox 1011 3619 1137 3672; x_wconf 80' lang='lat' dir='ltr'><strong>Em.</strong></span> <span class='ocrx_word' id='word_1_442' title='bbox 1175 3620 1245 3672; x_wconf 87' lang='lat' dir='ltr'><strong>L.</strong></span> <span class='ocrx_word' id='word_1_443' title='bbox 1293 3637 1347 3687; x_wconf 76' lang='lat' dir='ltr'><strong>p.</strong></span> <span class='ocrx_word' id='word_1_444' title='bbox 1381 3624 1466 3687; x_wconf 84' lang='lat'><strong>17,</strong></span> <span class='ocrx_word' id='word_1_445' title='bbox 1512 3626 1570 3674; x_wconf 74' lang='lat' dir='ltr'><strong>at</strong></span> <span class='ocrx_word' id='word_1_446' title='bbox 1615 3623 1683 3688; x_wconf 75' lang='lat' dir='ltr'><strong>cf.</strong></span> <span class='ocrx_word' id='word_1_447' title='bbox 1724 3622 2099 3676; x_wconf 64' lang='lat' dir='ltr'><strong>Weissenborn</strong></span> <span class='ocrx_word' id='word_1_448' title='bbox 2142 3621 2221 3674; x_wconf 79' lang='lat' dir='ltr'><strong>ed.</strong></span> <span class='ocrx_word' id='word_1_449' title='bbox 2251 3621 2477 3675; x_wconf 67' lang='lat' dir='ltr'><strong>Weidm.</strong></span> <span class='ocrx_word' id='word_1_450' title='bbox 2524 3637 2577 3688; x_wconf 76' lang='lat' dir='ltr'><strong>p.</strong></span> <span class='ocrx_word' id='word_1_451' title='bbox 2609 3616 2715 3669; x_wconf 86' lang='lat'><strong>336.</strong></span> <span class='ocrx_word' id='word_1_452' title='bbox 2759 3603 2764 3672; x_wconf 93' lang='grc' dir='ltr'>Ι</span> 
     </span>
     <span class='ocr_line' id='line_1_40' title="bbox 403 3691 2761 3774; baseline 0 -17"><span class='ocrx_word' id='word_1_453' title='bbox 403 3706 486 3757; x_wconf 89' lang='grc'><strong>20.</strong></span> <span class='ocrx_word' id='word_1_454' title='bbox 532 3702 802 3757; x_wconf 83' lang='lat' dir='ltr'><strong>redeunte</strong></span> <span class='ocrx_word' id='word_1_455' title='bbox 846 3704 909 3771; x_wconf 87' lang='lat' dir='ltr'><strong>B,</strong></span> <span class='ocrx_word' id='word_1_456' title='bbox 957 3706 1171 3772; x_wconf 75' lang='lat' dir='ltr'><strong>Muret5</strong></span> <span class='ocrx_word' id='word_1_457' title='bbox 1215 3704 1450 3758; x_wconf 89' lang='lat' dir='ltr'><strong>redeunt</strong></span> <span class='ocrx_word' id='word_1_458' title='bbox 1494 3708 1631 3762; x_wconf 89' lang='lat' dir='ltr'><strong>Lov.</strong></span> <span class='ocrx_word' id='word_1_459' title='bbox 1668 3713 1717 3774; x_wconf 92' lang='lat'><strong>1,</strong></span> <span class='ocrx_word' id='word_1_460' title='bbox 1764 3706 1995 3760; x_wconf 88' lang='lat' dir='ltr'><strong>redeant</strong></span> <span class='ocrx_word' id='word_1_461' title='bbox 2035 3709 2128 3761; x_wconf 81' lang='lat' dir='ltr'><strong>rel.</strong></span> <span class='ocrx_word' id='word_1_462' title='bbox 2173 3708 2287 3761; x_wconf 82' lang='lat' dir='ltr'><strong>cod.</strong></span> <span class='ocrx_word' id='word_1_463' title='bbox 2320 3723 2422 3761; x_wconf 78' lang='lat' dir='ltr'><strong>rec.</strong></span> <span class='ocrx_word' id='word_1_464' title='bbox 2448 3712 2498 3760; x_wconf 86' lang='lat' dir='ltr'><strong>et</strong></span> <span class='ocrx_word' id='word_1_465' title='bbox 2528 3706 2604 3759; x_wconf 80' lang='lat' dir='ltr'><strong>ed.</strong></span> <span class='ocrx_word' id='word_1_466' title='bbox 2637 3703 2722 3755; x_wconf 78' lang='lat' dir='ltr'><strong>vet·</strong></span> <span class='ocrx_word' id='word_1_467' title='bbox 2755 3691 2761 3758; x_wconf 89' lang='grc' dir='ltr'>Ι</span> 
     </span>
     <span class='ocr_line' id='line_1_41' title="bbox 404 3776 2761 3860; baseline 0.001 -17"><span class='ocrx_word' id='word_1_468' title='bbox 404 3791 485 3843; x_wconf 94' lang='grc'><strong>21.</strong></span> <span class='ocrx_word' id='word_1_469' title='bbox 532 3789 819 3857; x_wconf 89' lang='lat' dir='ltr'><strong>sociosque</strong></span> <span class='ocrx_word' id='word_1_470' title='bbox 874 3804 1020 3842; x_wconf 91' lang='lat' dir='ltr'><strong>nunc</strong></span> <span class='ocrx_word' id='word_1_471' title='bbox 1075 3794 1205 3842; x_wconf 89' lang='lat' dir='ltr'><strong>sunt</strong></span> <span class='ocrx_word' id='word_1_472' title='bbox 1249 3789 1320 3841; x_wconf 89' lang='lat' dir='ltr'><strong>M.</strong></span> <span class='ocrx_word' id='word_1_473' title='bbox 1354 3793 1361 3856; x_wconf 92' lang='grc' dir='ltr'>Ι</span> <span class='ocrx_word' id='word_1_474' title='bbox 1393 3793 1477 3845; x_wconf 88' lang='grc'><strong>22.</strong></span> <span class='ocrx_word' id='word_1_475' title='bbox 1524 3805 1719 3846; x_wconf 86' lang='lat' dir='ltr'><strong>seruos</strong></span> <span class='ocrx_word' id='word_1_476' title='bbox 1765 3807 1865 3846; x_wconf 90' lang='lat' dir='ltr'><strong>seu</strong></span> <span class='ocrx_word' id='word_1_477' title='bbox 1910 3792 2158 3860; x_wconf 85' lang='lat' dir='ltr'><strong>captiuos</strong></span> <span class='ocrx_word' id='word_1_478' title='bbox 2193 3793 2255 3846; x_wconf 89' lang='lat' dir='ltr'><strong>B.</strong></span> <span class='ocrx_word' id='word_1_479' title='bbox 2288 3795 2410 3859; x_wconf 80' lang='grc'><strong>124.</strong></span> <span class='ocrx_word' id='word_1_480' title='bbox 2457 3789 2627 3845; x_wconf 87' lang='lat' dir='ltr'><strong>omnis</strong></span> <span class='ocrx_word' id='word_1_481' title='bbox 2665 3783 2720 3837; x_wconf 87' lang='grc' dir='ltr'><strong>Β.</strong></span> <span class='ocrx_word' id='word_1_482' title='bbox 2755 3776 2761 3845; x_wconf 91' lang='grc' dir='ltr'>Ι</span> 
     </span>
    </p>
   </div>
  </div>
 </body>
</html>
