2925 4278
389 69 512 132 138
908 86 1134 139 LIBER
1169 85 1498 138 XXXVIII.
1537 85 1704 140 CAP.
1735 89 1814 141 17.
1856 86 1921 154 [a.
1950 86 2015 140 U.
2042 100 2088 138 c.
2117 86 2259 154 565].

384 259 686 339 omnium,
734 280 897 342 quae
943 260 1160 325 Asiam
1209 260 1440 340 colunt,
1475 259 1761 344 gentium
1810 260 2024 326 Gallos
2055 260 2227 324 fama
2257 260 2409 324 belli
2437 266 2773 344 praestare.

313 358 344 404 3
381 346 548 411 inter
592 347 994 411 mitissimum
1055 366 1259 430 genus
1317 346 1644 412 hominum
1706 346 1887 412 ferox
1944 347 2137 428 natio,
2198 352 2547 431 pervagata
2608 346 2770 410 bello

380 453 579 517 prope
624 434 841 498 orbem
887 439 1213 514 terrarum,
1261 433 1479 498 sedem
1526 434 1712 517 cepit.
1802 453 2068 517 procera
2095 453 2375 518 corpora,
2422 433 2767 516 promissae

313 534 345 580 4
384 526 447 584 et
493 520 787 585 rutilatae
835 540 1073 600 comae,
1121 527 1305 585 vasta
1349 526 1547 600 scuta,
1594 520 1923 604 praelongi
1968 519 2200 604 gladii3
2254 519 2340 583 ad
2385 519 2505 584 hoc
2551 526 2772 583 cantus

392 607 753 671 ineuntium
801 606 1107 690 proelium
1156 613 1217 670 et
1263 606 1539 671 ululatus
1586 613 1648 670 et
1693 606 1990 691 tripudia,
2040 613 2102 670 et
2149 606 2562 688 quatientium
2611 612 2783 670 scuta
2838 614 2873 660 5*

382 693 449 756 in
496 694 770 776 patrium
817 692 1133 774 quendam
1183 692 1447 757 modum
1512 693 1864 758 horrendus
1923 713 2238 757 armorum
2303 694 2600 776 crepituS,
2665 713 2781 757 om·

314 794 344 839 5
383 779 491 843 nia
537 779 617 844 de
663 778 974 844 industria
1020 780 1367 862 composita
1419 778 1504 843 ad
1558 786 1878 844 terrorem.
1973 779 2087 844 sed
2149 779 2325 860 haec,
2394 779 2628 862 quibus
2691 779 2775 842 in-

384 866 570 931 solita
615 872 805 948 atque
852 867 1101 930 insueta
1145 872 1310 946 sunt,
1360 866 1589 931 Graeci
1645 872 1707 930 et
1753 866 2043 949 Phryges
2104 872 2168 931 et
2216 866 2414 931 Cares
2471 865 2779 929 timeant:

385 953 691 1017 Romanis
760 953 984 1017 Gallici
1046 952 1349 1016 tumultus
1405 953 1664 1033 assueti,
1729 954 1917 1016 etiam
1981 953 2301 1017 vanitates
2367 958 2556 1017 notae
2622 957 2778 1017 sunt.

323 1053 354 1100 6
395 1039 595 1102 semel
639 1039 841 1122 primo
890 1058 1232 1122 congressu
1278 1037 1362 1103 ad
1409 1038 1620 1102 Aliam
1669 1059 1777 1103 eos
1823 1039 1974 1102 olim
2021 1039 2322 1122 fugerunt
2365 1039 2639 1103 maiores
2683 1059 2781 1102 no-
2815 1046 2863 1092 10

385 1125 534 1208 stri3
583 1145 664 1189 ex
713 1146 787 1190 eo
832 1132 1117 1209 tempore
1164 1144 1276 1208 per
1321 1124 1631 1191 ducentos
1676 1127 1801 1188 iam
1850 1146 2054 1190 annos
2084 1145 2381 1209 pecorum
2428 1126 2495 1189 in
2526 1124 2778 1189 modum
2872 1128 2873 1195 s

385 1218 820 1277 consternatos
852 1211 1126 1276 caedunt
1156 1211 1549 1295 fugantque3
1585 1217 1648 1275 et
1677 1212 1890 1295 plures
1922 1232 2117 1295 prope
2150 1212 2230 1275 de
2255 1212 2452 1276 Gallis
2484 1209 2779 1294 triumphi

319 1314 347 1361 7
388 1318 577 1380 quam
627 1298 708 1363 de
756 1306 884 1364 toto
932 1301 1082 1364 orbe
1129 1305 1434 1362 terrarum
1480 1298 1605 1363 acti
1667 1305 1831 1362 sunt.
1922 1299 2050 1361 iam
2111 1319 2227 1362 usu
2288 1297 2409 1363 hoc
2464 1298 2779 1381 cognitum

384 1393 513 1449 est:
562 1386 615 1450 si
660 1386 930 1470 primum
976 1387 1301 1469 impetum,
1351 1405 1539 1467 quem
1585 1384 1833 1450 fervido
1878 1385 2137 1466 ingenio
2193 1391 2257 1449 et
2303 1404 2498 1448 caeca
2552 1387 2649 1449 ira
2702 1382 2778 1447 ef-

382 1470 677 1551 fundunt,
726 1473 1113 1552 sustinueris,
1161 1471 1365 1537 fluunt
1411 1471 1639 1538 sudore
1686 1478 1750 1535 et
1795 1470 2167 1535 lassitudine
2214 1471 2519 1552 membra,
2571 1471 2781 1535 labant
2812 1476 2861 1522 15

384 1577 590 1641 arma;
637 1559 851 1622 mollia
896 1579 1176 1642 corpora,
1224 1559 1464 1639 molles,
1510 1558 1622 1622 ubi
1667 1558 1760 1621 ira
1807 1556 2111 1638 consedit,
2158 1558 2405 1621 animos
2451 1558 2546 1622 sol
2580 1556 2777 1642 pulvis

317 1660 348 1706 8
387 1643 547 1724 sitis,
594 1652 664 1707 ut
709 1644 942 1708 ferrum
987 1666 1117 1709 non
1163 1645 1530 1725 admoveaS,
1578 1649 2005 1728 prosternunt.
2096 1665 2225 1709 non
2286 1644 2650 1728 legionibus
2706 1644 2778 1706 le-

385 1730 609 1813 giones
656 1750 869 1794 eorum
918 1732 1117 1795 solum
1166 1732 1419 1814 experti
1468 1751 1704 1811 sumus,
1753 1730 1868 1794 sed
1913 1730 2011 1795 vir
2055 1749 2220 1795 unus
2266 1750 2409 1794 cum
2461 1730 2606 1796 viro
2652 1750 2778 1795 con·

385 1816 754 1899 grediendo,
816 1818 887 1879 T.
937 1817 1229 1897 Manlius,
1291 1818 1372 1880 Μ.
1423 1818 1734 1898 ValeriUS,
1807 1825 2112 1898 quantum
2173 1817 2481 1881 Gallicam
2540 1817 2778 1882 rabiem

316 1921 346 1965 9
386 1903 670 1967 vinceret
714 1905 999 1967 Romana
1045 1903 1263 1983 virtus,
1313 1903 1676 1968 docuerunt.
1752 1904 1881 1967 iam
1912 1904 1993 1966 Μ.
2027 1904 2300 1967 Manlius
2333 1923 2495 1968 unus
2525 1903 2778 1988 agmine
2809 1909 2862 1956 20

384 1988 766 2054 scandentes
846 1990 909 2052 in
988 1990 1367 2074 Capitolium
1436 1990 1708 2054 detrusit
1775 1989 2009 2054 Gallos.
2117 1996 2181 2054 et
2248 1990 2372 2053 illis
2439 1990 2778 2055 maioribus

383 2076 614 2141 nostris
683 2096 825 2139 cum
885 2075 1057 2141 haud
1118 2075 1329 2142 dubiis
1377 2076 1594 2157 Gallis,
1660 2076 1726 2139 in
1772 2096 1888 2142 sua
1935 2083 2103 2141 terra
2147 2076 2401 2160 genitis,
2463 2096 2572 2143 res
2619 2082 2775 2158 erat;

382 2162 450 2226 hi
494 2163 623 2226 iam
669 2162 1022 2247 degeneres
1070 2170 1236 2244 sunt,
1285 2164 1490 2246 mixti,
1553 2170 1616 2229 et
1664 2163 2061 2246 Gallograeci
2107 2183 2276 2244 vere,
2341 2163 2511 2245 quod
2576 2163 2778 2249 appel·

284 2268 345 2314 10
382 2250 624 2333 lantur;
675 2251 837 2314 sicut
896 2252 962 2313 in
1025 2249 1314 2334 frugibus
1375 2250 1854 2334 pecudibusque
1915 2272 2044 2316 non
2099 2256 2347 2314 tantum
2409 2252 2663 2314 semina
2703 2248 2777 2313 ad

384 2336 769 2400 servandam
815 2336 1090 2401 indolem
1139 2337 1373 2417 valent,
1439 2343 1747 2418 quantum
1808 2343 2013 2401 terrae
2074 2337 2427 2421 proprietas
2475 2338 2774 2419 caelique,
2808 2340 2861 2388 25

284 2441 343 2486 11
385 2422 502 2486 sub
551 2442 673 2504 quo
736 2423 1012 2503 aluntur,
1074 2429 1292 2486 mutat.
1384 2423 1788 2505 Macedones,
1852 2424 1959 2505 qui
2017 2422 2475 2487 Alexandriam
2535 2424 2610 2488 in
2669 2425 2778 2487 Ae-

387 2515 608 2592 gyptO,
659 2509 766 2590 qui
814 2509 1169 2574 Seleuciam
1215 2529 1294 2573 ac
1336 2509 1781 2592 Babyloniam,
1845 2510 2078 2592 quique
2137 2510 2297 2574 alias
2358 2529 2617 2594 sparsas
2676 2528 2779 2593 per

383 2596 599 2659 orbem
668 2602 976 2660 terrarum
1045 2596 1321 2659 colonias
1387 2594 1648 2676 habent,
1717 2596 1783 2659 in
1845 2596 2041 2678 Syros
2102 2595 2367 2661 Parthos
2425 2596 2778 2680 Aegyptios

281 2699 344 2747 12
384 2680 869 2763 degenerarunt.
961 2682 1260 2760 Massilia,
1322 2682 1490 2745 inter
1535 2682 1750 2747 Gallos
1812 2682 1952 2763 sita,
1999 2683 2197 2746 traxit
2256 2682 2656 2763 aliquantum
2700 2680 2775 2744 ab

383 2768 614 2832 accolis
658 2768 1031 2831 animorum.
1122 2768 1486 2832 Tarentinis
1532 2767 1684 2851 quid
1732 2789 1814 2832 ex
1861 2768 2177 2851 Spartana
2209 2767 2368 2832 dura
2398 2768 2508 2833 illa
2548 2775 2618 2834 et
2646 2768 2775 2832 hor·
2806 2772 2859 2818 30

604 2960 649 3011 5.
690 2956 995 3009 ineuntium
1033 2956 1103 3024 M,
1140 2975 1233 3010 un.
1261 2959 1373 3011 cod.
1402 2975 1533 3025 rec.;
1575 2956 1953 3011 inchoantium
1987 2959 2079 3012 rel.
2107 2959 2224 3012 cod.
2250 2957 2336 3023 (B)
2371 2965 2421 3011 et
2456 2960 2535 3012 ed.
2562 2964 2679 3026 vet„
2713 2957 2777 3023 cf.

380 3045 614 3113 Madvig]
639 3045 764 3097 Em.
791 3045 865 3098 L.
885 3062 942 3113 p.
970 3048 1089 3108 543,
1113 3045 1195 3098 M.
1221 3045 1454 3099 Mueller
1484 3047 1665 3114 praef.
1682 3062 1742 3113 p.
1763 3045 1908 3098 XII.
1942 3047 1950 3110 Ι
1983 3047 2030 3098 6.
2058 3044 2240 3097 omnia
2277 3043 2475 3096 deinde
2510 3042 2776 3097 industria

379 3129 441 3182 B.
475 3135 482 3196 Ι
516 3133 564 3185 8.
614 3129 841 3198 phriges
887 3130 950 3182 B.
984 3132 992 3196 Ι
1024 3134 1073 3185 9.
1120 3130 1330 3184 assueti
1381 3131 1453 3199 B,
1502 3131 1742 3185 assuetis
1787 3133 1901 3187 cod.
1936 3148 2034 3185 ree.
2072 3137 2122 3185 et
2165 3131 2245 3184 ed.
2283 3137 2397 3197 vet„
2443 3133 2512 3198 cf.
2548 3131 2773 3196 Madvig]

380 3218 502 3272 Em.
541 3219 610 3271 L.
649 3220 682 3272 l.
722 3220 754 3271 l.
804 3217 1042 3285 (Gallico
1087 3219 1331 3271 tumultu
1378 3217 1628 3271 adsuetis
1674 3221 1813 3274 coni.
1851 3218 2114 3287 Seyffert).
2157 3220 2165 3283 Ι
2211 3221 2289 3273 10.
2337 3217 2410 3270 ad
2447 3217 2637 3270 Aliam
2683 3230 2772 3269 eos

380 3304 511 3358 olim
552 3303 817 3372 fugerunt
854 3305 1089 3358 maiores
1126 3304 1302 3359 nostri
1331 3306 1586 3372 Modius;
1621 3305 1692 3358 ad
1729 3304 1913 3358 alliam
1951 3320 2045 3358 eos
2082 3304 2212 3358 olim
2248 3302 2514 3357 fuderunt
2546 3303 2773 3357 maiores

379 3392 552 3443 uestri
589 3392 660 3459 M,
699 3391 771 3444 ad
818 3392 956 3444 alias
1003 3391 1135 3444 olim
1179 3390 1446 3459 fugerunt
1490 3391 1724 3445 maiores
1767 3397 1986 3444 nostros
2023 3392 2085 3459 B,
2125 3390 2197 3444 ad
2232 3390 2413 3444 alliam
2457 3391 2586 3444 olim
2622 3389 2771 3442 fude-

379 3482 510 3530 runt
554 3479 791 3532 maiores
837 3484 1057 3532 nostros
1104 3481 1219 3534 cod.
1255 3496 1356 3533 rec.
1390 3481 1397 3545 Ι
1434 3481 1513 3534 13.
1562 3494 1666 3531 usu
1714 3478 1786 3546 M,
1831 3480 2041 3545 Aldu85
2085 3497 2187 3533 om.
2219 3481 2312 3532 rel.
2350 3480 2464 3534 cod.
2491 3478 2576 3544 (B)
2611 3484 2661 3531 et
2694 3476 2765 3530 ed.

371 3568 550 3635 prior.
584 3571 591 3630 Ι
634 3569 714 3621 20.
765 3565 1012 3620 vinceret
1057 3585 1158 3622 om.
1195 3565 1257 3617 B.
1292 3568 1299 3632 Ι
1341 3568 1423 3620 21.
1474 3565 1791 3618 scandentis
1836 3565 1898 3617 B.
1934 3568 1940 3629 Ι
1982 3568 2063 3619 26.
2112 3569 2332 3618 mutant
2376 3565 2438 3618 B.
2471 3567 2480 3629 Ι
2511 3568 2593 3620 29.
2635 3563 2772 3615 inter

378 3650 560 3719 gallos
605 3651 682 3704 ita
719 3652 788 3705 M.
823 3653 831 3717 Ι
863 3651 933 3704 ab
979 3652 1184 3705 accolis
1231 3670 1333 3707 om.
1361 3652 1452 3704 M‘?
1486 3654 1493 3717 Ι
1526 3655 1608 3706 30.
1646 3651 1960 3705 Tarentinis
2007 3651 2141 3718 quid
2186 3651 2257 3720 M,
2299 3654 2379 3705 ed.
2405 3651 2767 3713 Basil.1535;

377 3737 435 3790 in
473 3737 558 3791 his
596 3735 672 3806 qd
706 3738 771 3806 B,
807 3737 910 3789 nisi
947 3738 1079 3805 quid
1117 3741 1197 3792 vel
1232 3737 1337 3789 nisi
1376 3737 1527 3805 quod
1564 3738 1678 3794 cod.
1705 3756 1806 3793 rec.
1833 3746 1883 3792 et
1918 3740 1997 3792 ed.
2027 3740 2319 3807 antiquiss.
2348 3741 2357 3804 Ι
