2925 4278
615 122 834 175 LIBER
871 121 1167 176 XXXVII.
1207 121 1479 178 cAP.1s.
1511 126 1589 178 19.
1631 123 1696 190 [a.
1724 123 1787 177 U.
1815 138 1860 176 ο.
1890 123 2027 191 5641
2429 105 2506 166 71

167 315 277 377 que
320 295 550 377 classiS,
596 303 661 362 ut
704 297 838 381 regi
885 317 1068 382 opem
1127 298 1381 377 ferrent,
1472 298 1730 362 Elaeam
1791 299 1872 362 ab
1919 297 2106 362 Samo
2159 302 2506 361 moverunt.

167 402 303 463 quos
345 383 447 447 ubi
497 384 863 468 exposuisse
908 384 1120 468 copias
1164 385 1395 448 Elaeae
1457 391 1521 448 et
1565 390 1656 449 tot
1701 385 1935 449 classes
1994 384 2060 448 in
2123 403 2316 447 unum
2372 403 2510 448 con-

165 470 390 534 venisse
436 477 680 553 portum
726 470 1037 536 Antiocho
1083 472 1340 535 allatum
1389 477 1501 551 est,
1550 477 1613 536 et
1658 472 1774 535 sub
1819 471 1987 535 idem
2034 476 2281 553 tempus
2341 469 2511 535 audi-

165 555 240 618 vit
295 558 607 621 consulem
669 577 808 621 cum
872 558 1149 622 exercitu
1208 558 1335 622 iam
1395 558 1458 621 in
1522 557 1893 622 Macedonia
1958 577 2096 622 esse
2157 557 2508 640 pararique,

109 652 134 699 5
167 661 303 722 quae
346 642 428 706 ad
473 644 802 708 transitum
849 644 1237 728 Hellesponti
1291 664 1448 728 opus
1510 652 1739 724 essent,
1801 651 2049 728 tempus
2108 644 2358 708 venisse
2419 663 2509 706 ra-

170 735 265 808 tus,
306 730 667 812 priusquam
713 737 879 795 terra
924 732 1204 812 marique
1251 731 1435 796 simul
1496 738 1837 815 urgeretur,
1900 730 2133 815 agendi
2195 729 2274 794 de
2331 750 2507 814 pace,

172 815 441 879 tumulum
488 816 804 898 quendam
863 816 1168 882 adversus
1224 817 1481 882 Elaeam
1544 819 1764 883 castris
1825 819 2022 901 cepit3
2080 817 2168 881 ibi
2225 816 2508 899 peditum

167 902 424 967 omnibus
471 904 669 988 copiis
714 904 944 968 relictis
990 923 1130 968 cum
1193 905 1473 986 equitatu
1525 943 1591 950 —
1650 911 1827 968 erant
1888 911 2096 968 autem
2161 923 2273 969 sex
2337 902 2509 966 milia

168 988 417 1068 equitum
472 1030 545 1037 -
597 991 660 1053 in
710 1010 964 1075 campos
1010 990 1126 1055 sub
1172 992 1312 1074 ipsa
1356 991 1588 1056 Elaeae
1633 992 1883 1056 moenia
1929 989 2257 1055 descendit
2316 990 2508 1053 misso

86 1092 134 1138 10
164 1073 554 1141 caduceatore
599 1076 681 1140 ad
724 1077 1081 1157 Aemilium,
1128 1078 1288 1142 velle
1334 1098 1402 1142 se
1448 1078 1528 1141 de
1573 1098 1728 1162 pace
1773 1097 1980 1161 agere.
2073 1077 2248 1141 XIX.
2306 1077 2508 1140 Aemi-

160 1159 262 1225 lius
302 1162 584 1228 Eumene
642 1185 683 1228 a
742 1165 1048 1246 Pergamo
1108 1165 1308 1228 accito
1371 1171 1433 1228 et
1492 1164 1795 1229 adhibitis
1855 1163 2117 1228 Rhodiis
2182 1163 2509 1227 consilium

160 1244 371 1313 habuit.
462 1250 693 1315 Rhodii
739 1249 910 1314 haud
954 1252 1276 1333 aspernari
1324 1272 1579 1334 pacem;
1629 1252 1942 1315 Eumenes
2004 1271 2121 1314 nec
2176 1249 2507 1313 honestum

159 1330 344 1399 dicere
404 1356 545 1402 esse
607 1356 680 1401 eo
740 1344 1020 1421 tempore
1081 1336 1161 1401 de
1228 1358 1384 1421 pace
1451 1338 1577 1419 agi,
1648 1357 1765 1401 nec
1828 1339 2067 1401 exitum
2128 1337 2217 1401 rei
2272 1334 2508 1418 imponi

162 1440 352 1501 posse:
404 1424 554 1506 „qui
602 1423 809 1489 enim“
858 1425 1063 1506 inquit
1113 1433 1259 1509 „aut
1304 1424 1588 1503 honeste,
1634 1424 1859 1488 inclusi
1905 1424 2233 1487 moenibus
2297 1428 2358 1487 et
2404 1422 2506 1487 ob-

89 1524 133 1569 15
163 1508 312 1588 sessi,
356 1511 532 1575 velut
579 1511 753 1593 leges
798 1511 972 1594 pacis
1018 1511 1449 1594 accipiemus?
1495 1517 1604 1574 aut
1650 1511 1746 1574 cui
1804 1516 1942 1574 rata
2001 1510 2123 1574 ista
2182 1530 2308 1593 pax
2371 1508 2505 1587 erit,

166 1611 322 1672 quam
367 1597 504 1662 sine
555 1597 827 1677 consule,
875 1618 999 1661 non
1047 1616 1129 1661 ex
1175 1598 1547 1661 auctoritate
1595 1604 1870 1677 senatus,
1919 1617 2041 1661 non
2089 1597 2261 1660 iussu
2294 1595 2506 1680 populi

170 1677 400 1747 Romani
446 1684 924 1768 pepigerimus?
971 1703 1202 1765 quaero
1249 1685 1415 1748 enim
1461 1703 1619 1767 pace
1665 1704 1778 1768 per
1821 1690 1883 1748 te
1917 1683 2084 1747 facta
2114 1682 2506 1747 rediturusne

175 1770 449 1854 extemplo
496 1771 564 1837 in
620 1770 869 1834 Italiam
931 1771 1037 1851 siS,
1101 1771 1364 1835 classem
1427 1771 1896 1852 exercitumque
1959 1769 2357 1850 deducturus,
2426 1789 2508 1832 an

173 1864 602 1938 expectaturuS,
651 1856 802 1939 quid
847 1856 927 1921 de
974 1877 1049 1921 ea
1092 1877 1160 1921 re
1218 1857 1454 1922 consuli
1517 1858 1780 1941 placeat,
1843 1857 1993 1938 quid
2056 1863 2311 1921 senatus
2372 1876 2507 1920 cen-

95 1951 140 1999 10
168 1948 277 2004 seat
316 1951 424 2009 aut
468 1945 741 2028 populus
785 1944 1050 2008 iubeat?
1096 1950 1290 2009 restat
1336 1965 1504 2027 erge,
1554 1950 1620 2008 ut
1666 1964 1926 2008 maneas
1972 1944 2037 2007 in
2071 1943 2242 2023 Asia,
2291 1949 2352 2006 et
2383 1962 2507 2006 rur-

165 2043 249 2091 sus
286 2029 349 2093 in
394 2030 665 2096 hiberna
711 2031 928 2114 copiae
972 2030 1268 2095 reductae
1313 2031 1543 2095 omisso
1589 2031 1753 2096 bello
1802 2030 2177 2094 exhauriant
2209 2049 2509 2094 commea-

48 2161 49 2170 ,
164 2111 304 2180 tibus
346 2116 730 2201 praebendis
777 2117 1002 2201 socios;
1051 2117 1303 2198 deinde,
1351 2118 1401 2183 si
1448 2117 1537 2182 ita
1583 2117 1784 2182 visum
1831 2117 1908 2182 iis
1955 2118 2055 2197 sit,
2104 2136 2298 2201 penes
2353 2134 2508 2198 quos

163 2207 412 2280 potestas
458 2205 670 2285 fuerit,
718 2205 1139 2270 instauremus
1184 2226 1414 2270 novum
1462 2204 1541 2268 de
1586 2205 1832 2287 integro
1877 2204 2131 2284 bellum,
2180 2202 2346 2285 quod
2373 2223 2507 2286 pos-

162 2390 224 2441 ed.
248 2393 371 2448 Par.
397 2400 542 2449 1510
576 2401 624 2449 et
658 2413 778 2464 seq,
815 2399 1147 2448 retractante
1184 2397 1298 2452 eod.
1318 2397 1563 2464 plerique
1600 2395 1681 2460 (B,
1716 2396 1881 2462 Voss,
1920 2396 2050 2449 Lov.
2076 2395 2132 2460 2)
2168 2400 2217 2447 et
2251 2394 2330 2447 ecl.
2365 2395 2508 2446 anti-

163 2480 299 2541 quiss.
333 2482 340 2547 Ι
375 2485 420 2536 1.
458 2480 533 2535 ab
571 2480 735 2535 Samo
771 2482 841 2550 M,
879 2485 1086 2549 Aldus;
1131 2501 1232 2538 om.
1259 2485 1350 2537 rel.
1377 2484 1492 2537 eod.
1519 2481 1603 2549 (B)
1640 2488 1689 2535 et
1724 2484 1801 2536 ed.
1821 2484 1996 2551 prior.
2031 2483 2038 2546 Ι
2071 2484 2356 2533 moverunt
2391 2480 2505 2535 eod.

161 2560 231 2629 (Β)
269 2573 315 2620 et
356 2570 435 2622 ecl.
474 2576 610 2636 vet.;
663 2573 933 2622 uenerunt
977 2569 1053 2637 M,
1103 2571 1182 2624 ed.
1220 2587 1309 2638 pr.
1357 2570 1563 2636 Andr„
1609 2570 1802 2623 Aldus.
1845 2573 1851 2634 Ι
1893 2571 1941 2622 2.
1987 2568 2138 2621 eleae
2183 2574 2232 2621 et
2274 2569 2353 2623 sie
2395 2569 2507 2634 fere

160 2664 338 2720 semper
370 2655 431 2708 B.
466 2656 475 2721 Ι
507 2657 556 2710 3.
594 2655 821 2709 allatum
869 2661 955 2709 est
990 2655 1092 2709 sub
1130 2655 1273 2709 idem
1309 2657 1370 2708 B.
1404 2658 1413 2722 Ι
1443 2661 1493 2711 4.
1530 2655 1585 2708 in
1624 2655 1943 2709 macedonia
1979 2656 2039 2709 Β.
2073 2657 2080 2721 Ι
2114 2658 2159 2709 6.
2200 2654 2398 2721 agendi
2436 2654 2506 2706 de

161 2749 272 2800 paee
297 2742 574 2812 Moywnt.;
611 2743 811 2811 agendi
848 2742 917 2795 de
952 2758 1087 2810 pace
1125 2758 1245 2795 esse
1272 2745 1385 2798 eod.
1408 2745 1651 2812 plerique
1673 2743 1755 2810 (B,
1782 2745 1913 2798 Lov.
1941 2746 1994 2806 2)
2019 2750 2066 2796 et
2102 2744 2180 2796 ed.
2207 2742 2509 2810 antiquiss,

161 2825 409 2888 agendum
455 2828 527 2881 de
572 2844 708 2896 pace
753 2844 872 2882 esse
909 2834 942 2882 4
979 2831 1091 2885 cod,
1117 2847 1214 2884 rec.
1244 2831 1465 2896 (Voss),
1510 2832 1600 2894 „iu
1637 2848 1738 2899 quo
1783 2831 1997 2898 aliquid
2042 2829 2197 2883 latet“
2249 2830 2506 2883 Weissen-

162 2908 275 2965 born
317 2916 392 2969 ed.
440 2917 639 2970 Teub‘n.
680 2918 712 2970 l.
752 2918 784 2970 l.
818 2917 825 2982 Ι
859 2919 905 2971 8.
953 2916 1123 2983 copiis
1169 2935 1270 2972 om.
1308 2917 1369 2969 B.
1404 2917 1410 2983 Ι
1444 2921 1654 2985 septem
1700 2916 1848 2968 milia
1885 2917 1951 2969 M.
1987 2919 1994 2982 Ι
2030 2920 2108 2971 11.
2148 2920 2205 2968 et
2247 2913 2508 2967 adhibitis

164 2992 373 3054 Rhodiis
410 3005 487 3057 H.
516 3005 561 3056 Ι.
590 3004 822 3057 Mueller
865 3021 990 3057 arm.
1019 3005 1196 3057 Berol.
1224 3009 1358 3057 1891
1398 3023 1454 3072 p.
1481 3009 1609 3071 168,·
1655 3002 1915 3056 adhibitis
1960 3007 2017 3056 et
2060 3001 2265 3054 rhodiis
2300 2999 2508 3068 (rhodis

160 3079 213 3144 Β)
255 3089 360 3142 cod.
388 3092 651 3158 plerique,
696 3088 1067 3156 adhibitisque
1112 3089 1319 3143 rhodiis
1355 3090 1423 3157 M,
1461 3092 1658 3158 Aldus,
1696 3090 1953 3143 adhibitis
1990 3087 2194 3142 rhodiis
2231 3090 2361 3141 Lov.
2391 3093 2420 3140 1
2459 3093 2507 3140 et

162 3171 225 3222 ecl.
249 3177 543 3245 antiquiss„
580 3174 952 3244 adhibitisque
989 3181 1045 3229 et
1069 3176 1302 3231 Rhodiis
1331 3180 1408 3231 M.
1434 3178 1666 3232 Mueller
1692 3195 1752 3246 p.
1773 3179 1901 3230 VII.
1935 3179 1942 3242 Ι
1974 3175 2260 3229 consilium
2295 3173 2505 3227 habuit.

162 3250 337 3312 Rhodii
374 3262 442 3331 M,
481 3263 688 3330 Aldus;
733 3281 832 3317 om.
859 3264 949 3317 rel.
979 3265 1091 3318 cod.
1118 3264 1204 3332 (B)
1240 3271 1288 3318 et
1333 3265 1411 3317 ed.
1438 3271 1531 3318 vet.
1566 3265 1573 3328 Ι
1609 3267 1687 3318 12.
1725 3263 1862 3315 haut
1904 3263 1964 3314 B.
1998 3263 2006 3328 Ι
2043 3265 2118 3317 13.
2158 3261 2338 3314 dicere
2385 3275 2505 3314 esse

163 3337 221 3406 B3
264 3359 378 3401 csse
422 3349 604 3403 dicere
649 3351 763 3405 eod.
789 3368 890 3405 ree.
917 3357 965 3404 et
1001 3352 1078 3404 ed.
1105 3358 1200 3405 vet.
1235 3354 1242 3416 Ι
1277 3353 1356 3405 14.
1396 3346 1683 3403 moenibus
1720 3369 1819 3406 om.
1842 3350 1901 3403 B.
1936 3353 1944 3414 Ι
1978 3352 2056 3404 16.
2094 3364 2202 3401 non
2243 3349 2397 3401 iussu
2435 3348 2505 3415 M,

163 3429 341 3498 Amas,-
374 3435 525 3489 iussu
562 3438 676 3491 eod.
693 3439 940 3505 plerique
963 3436 1066 3504 (B),
1103 3437 1313 3490 iniussu
1351 3439 1430 3490 ed.
1457 3439 1758 3506 antiquiss,
1787 3439 1833 3490 Ι.
1861 3438 1929 3490 F.
1956 3439 2279 3505 GronoviuS,
2304 3439 2368 3491 de
2402 3455 2507 3491 usu

165 3513 266 3570 Liv.
291 3523 357 3588 ef.
382 3525 461 3576 M.
488 3525 718 3577 Mueller
744 3541 805 3592 p.
824 3524 953 3577 VII.
987 3526 995 3589 Ι
1030 3527 1109 3578 17.
1147 3523 1519 3591 pepigerimus
1544 3524 1613 3591 M,
1639 3529 1673 3577 3
1699 3525 1810 3578 cod.
1839 3541 1967 3590 rec.;
2003 3524 2374 3590 peregerimus
2409 3526 2502 3578 rel.

165 3604 258 3655 cod.
289 3607 370 3674 (B)
413 3618 459 3663 et
503 3612 581 3665 ed.
619 3612 920 3679 antiquiss„
964 3625 1295 3677 peragamus
1340 3612 1418 3664 ecl.
1456 3613 1588 3664 Par.
1622 3615 1773 3664 1510.
1808 3613 1816 3676 Ι
1851 3614 1930 3665 19.
1967 3611 2060 3677 qui
2099 3610 2167 3664 de
2205 3626 2270 3664 ea
2307 3625 2364 3663 re
2400 3611 2461 3663 B.
2494 3610 2499 3678 Ι

165 3685 232 3740 21.
251 3695 522 3749 exam-iant
547 3694 979 3749 commeantibus
1006 3697 1064 3749 B.
1100 3699 1107 3763 Ι
1138 3699 1220 3751 22.
1259 3695 1457 3748 deinde
1484 3715 1585 3751 om.
1609 3696 1672 3750 B.
1707 3700 1714 3763 Ι
1745 3697 1811 3749 iis
1836 3697 1908 3750 sit
1932 3703 1963 3751 5
1988 3699 2100 3753 eod.
2127 3715 2226 3752 rec.
2248 3699 2403 3762 (Lov.
2422 3699 2507 3764 2);

168 3768 235 3825 his
267 3778 331 3831 sit
366 3781 424 3844 B,
462 3783 533 3836 sit
568 3783 634 3835 iis
680 3785 769 3837 rel.
804 3801 901 3838 ree.
938 3791 986 3837 et
1030 3785 1109 3837 ed.
1136 3791 1229 3838 vet.
1265 3787 1272 3850 1

2550 402 2613 447 10

2551 663 2607 708 11

2551 832 2610 879 12

2584 1094 2609 1140 1
