<?xml version="1.0" encoding="UTF-8"?>
<!DOCTYPE html PUBLIC "-//W3C//DTD XHTML 1.0 Transitional//EN"
    "http://www.w3.org/TR/xhtml1/DTD/xhtml1-transitional.dtd">
<html xmlns="http://www.w3.org/1999/xhtml" xml:lang="en" lang="en">
 <head>
  <title>
</title>
<meta http-equiv="Content-Type" content="text/html;charset=utf-8" />
  <meta name='ocr-system' content='tesseract 3.04.00' />
  <meta name='ocr-capabilities' content='ocr_page ocr_carea ocr_par ocr_line ocrx_word'/>
</head>
<body>
  <div class='ocr_page' id='page_1' title='image "./tliviaburbecond00zinggoog_0160.png"; bbox 0 0 2925 4278; ppageno 0'>
   <div class='ocr_carea' id='block_1_1' title="bbox 667 37 2582 129">
    <p class='ocr_par' dir='ltr' id='par_1_1' title="bbox 667 37 2582 129">
     <span class='ocr_line' id='line_1_1' title="bbox 667 37 2582 129; baseline -0.002 -19"><span class='ocrx_word' id='word_1_1' title='bbox 667 58 895 112; x_wconf 84' lang='lat' dir='ltr'>LIBER</span> <span class='ocrx_word' id='word_1_2' title='bbox 932 58 1261 113; x_wconf 84' lang='lat' dir='ltr'>xxxvm.</span> <span class='ocrx_word' id='word_1_3' title='bbox 1302 59 1687 117; x_wconf 54' lang='grc'><strong>0111128211.</strong></span> <span class='ocrx_word' id='word_1_4' title='bbox 1728 60 1800 129; x_wconf 80' lang='lat' dir='ltr'>[a.</span> <span class='ocrx_word' id='word_1_5' title='bbox 1827 59 1893 113; x_wconf 88' lang='lat' dir='ltr'>U.</span> <span class='ocrx_word' id='word_1_6' title='bbox 1920 75 1964 113; x_wconf 78' lang='lat' dir='ltr'>e.</span> <span class='ocrx_word' id='word_1_7' title='bbox 1992 60 2131 127; x_wconf 86' lang='lat'>565].</span> <span class='ocrx_word' id='word_1_8' title='bbox 2285 125 2289 129; x_wconf 18' lang='lat'><strong>¹</strong></span> <span class='ocrx_word' id='word_1_9' title='bbox 2462 37 2582 101; x_wconf 82' lang='lat'>151</span> 
     </span>
    </p>
   </div>
   <div class='ocr_carea' id='block_1_2' title="bbox 84 231 2602 2483">
    <p class='ocr_par' dir='ltr' id='par_1_2' title="bbox 203 231 2587 579">
     <span class='ocr_line' id='line_1_2' title="bbox 206 231 2585 318; baseline -0.001 -22"><span class='ocrx_word' id='word_1_10' title='bbox 206 231 460 297; x_wconf 89' lang='lat' dir='ltr'>modum</span> <span class='ocrx_word' id='word_1_11' title='bbox 507 252 771 298; x_wconf 78' lang='lat' dir='ltr'>censura</span> <span class='ocrx_word' id='word_1_12' title='bbox 816 233 951 297; x_wconf 88' lang='lat' dir='ltr'>fuit.</span> <span class='ocrx_word' id='word_1_13' title='bbox 1047 234 1574 299; x_wconf 90' lang='lat' dir='ltr'>substructionem</span> <span class='ocrx_word' id='word_1_14' title='bbox 1620 255 1806 318; x_wconf 90' lang='lat' dir='ltr'>super</span> <span class='ocrx_word' id='word_1_15' title='bbox 1853 232 2316 315; x_wconf 84' lang='lat' dir='ltr'><strong>Aequimelium</strong></span> <span class='ocrx_word' id='word_1_16' title='bbox 2362 231 2428 295; x_wconf 91' lang='lat' dir='ltr'>in</span> <span class='ocrx_word' id='word_1_17' title='bbox 2475 231 2585 295; x_wconf 83' lang='lat' dir='ltr'>Ca-</span> 
     </span>
     <span class='ocr_line' id='line_1_3' title="bbox 203 317 2586 406; baseline -0 -23"><span class='ocrx_word' id='word_1_18' title='bbox 203 319 423 403; x_wconf 90' lang='lat' dir='ltr'>pitolio</span> <span class='ocrx_word' id='word_1_19' title='bbox 471 326 535 384; x_wconf 91' lang='lat' dir='ltr'>et</span> <span class='ocrx_word' id='word_1_20' title='bbox 579 321 747 384; x_wconf 90' lang='lat' dir='ltr'>viam</span> <span class='ocrx_word' id='word_1_21' title='bbox 794 321 967 385; x_wconf 89' lang='lat' dir='ltr'>silice</span> <span class='ocrx_word' id='word_1_22' title='bbox 1015 320 1420 385; x_wconf 78' lang='lat' dir='ltr'>sternendam</span> <span class='ocrx_word' id='word_1_23' title='bbox 1466 342 1507 385; x_wconf 90' lang='lat' dir='ltr'>a</span> <span class='ocrx_word' id='word_1_24' title='bbox 1550 328 1732 406; x_wconf 90' lang='lat' dir='ltr'>porta</span> <span class='ocrx_word' id='word_1_25' title='bbox 1777 322 2039 404; x_wconf 83' lang='lat' dir='ltr'>Capena</span> <span class='ocrx_word' id='word_1_26' title='bbox 2096 318 2179 382; x_wconf 90' lang='lat' dir='ltr'>ad</span> <span class='ocrx_word' id='word_1_27' title='bbox 2241 317 2460 382; x_wconf 85' lang='lat' dir='ltr'>Martis</span> <span class='ocrx_word' id='word_1_28' title='bbox 2506 317 2586 382; x_wconf 92' lang='lat' dir='ltr'>lo-</span> 
     </span>
     <span class='ocr_line' id='line_1_4' title="bbox 204 403 2587 490; baseline -0.001 -19"><span class='ocrx_word' id='word_1_29' title='bbox 204 412 529 471; x_wconf 89' lang='lat' dir='ltr'>caverunt.</span> <span class='ocrx_word' id='word_1_30' title='bbox 621 407 948 490; x_wconf 82' lang='lat' dir='ltr'>Campani,</span> <span class='ocrx_word' id='word_1_31' title='bbox 996 407 1106 472; x_wconf 91' lang='lat' dir='ltr'>ubi</span> <span class='ocrx_word' id='word_1_32' title='bbox 1151 414 1577 490; x_wconf 83' lang='lat' dir='ltr'>censerentur,</span> <span class='ocrx_word' id='word_1_33' title='bbox 1626 414 1914 473; x_wconf 89' lang='lat' dir='ltr'>senatum</span> <span class='ocrx_word' id='word_1_34' title='bbox 1956 407 2434 489; x_wconf 81' lang='lat' dir='ltr'>consuluerunt3</span> <span class='ocrx_word' id='word_1_35' title='bbox 2485 403 2587 470; x_wconf 90' lang='lat' dir='ltr'>de-</span> 
     </span>
     <span class='ocr_line' id='line_1_5' title="bbox 204 490 2584 579; baseline -0.001 -22"><span class='ocrx_word' id='word_1_36' title='bbox 204 499 466 573; x_wconf 88' lang='lat' dir='ltr'>cretum,</span> <span class='ocrx_word' id='word_1_37' title='bbox 512 493 604 557; x_wconf 93' lang='lat' dir='ltr'>uti</span> <span class='ocrx_word' id='word_1_38' title='bbox 648 495 888 576; x_wconf 86' lang='lat' dir='ltr'>Romae</span> <span class='ocrx_word' id='word_1_39' title='bbox 920 502 1342 560; x_wconf 79' lang='lat' dir='ltr'>censerentur.</span> <span class='ocrx_word' id='word_1_40' title='bbox 1421 515 1624 577; x_wconf 90' lang='lat' dir='ltr'>aquae</span> <span class='ocrx_word' id='word_1_41' title='bbox 1669 495 1961 579; x_wconf 84' lang='lat' dir='ltr'>ingentes</span> <span class='ocrx_word' id='word_1_42' title='bbox 1994 514 2066 557; x_wconf 93' lang='lat' dir='ltr'>eo</span> <span class='ocrx_word' id='word_1_43' title='bbox 2097 513 2265 556; x_wconf 90' lang='lat' dir='ltr'>anno</span> <span class='ocrx_word' id='word_1_44' title='bbox 2296 490 2584 575; x_wconf 79' lang='lat' dir='ltr'>fuerunt3</span> 
     </span>
    </p>

    <p class='ocr_par' dir='ltr' id='par_1_3' title="bbox 113 577 2585 749">
     <span class='ocr_line' id='line_1_6' title="bbox 113 577 2582 666; baseline 0.001 -28"><span class='ocrx_word' id='word_1_45' title='bbox 113 590 153 638; x_wconf 83' lang='lat'>5</span> <span class='ocrx_word' id='word_1_46' title='bbox 200 579 453 644; x_wconf 90' lang='lat' dir='ltr'>Tiberis</span> <span class='ocrx_word' id='word_1_47' title='bbox 499 578 885 646; x_wconf 90' lang='lat' dir='ltr'>duodeciens</span> <span class='ocrx_word' id='word_1_48' title='bbox 931 601 1225 665; x_wconf 90' lang='lat' dir='ltr'>campum</span> <span class='ocrx_word' id='word_1_49' title='bbox 1267 582 1565 646; x_wconf 89' lang='lat' dir='ltr'>Martium</span> <span class='ocrx_word' id='word_1_50' title='bbox 1624 582 1939 666; x_wconf 90' lang='lat' dir='ltr'>planaque</span> <span class='ocrx_word' id='word_1_51' title='bbox 2002 580 2175 645; x_wconf 89' lang='lat' dir='ltr'>urbis</span> <span class='ocrx_word' id='word_1_52' title='bbox 2230 577 2582 642; x_wconf 91' lang='lat' dir='ltr'>inundavit.</span> 
     </span>
     <span class='ocr_line' id='line_1_7' title="bbox 412 665 2585 749; baseline 0 -20"><span class='ocrx_word' id='word_1_53' title='bbox 412 666 514 731; x_wconf 85' lang='lat' dir='ltr'>Ab</span> <span class='ocrx_word' id='word_1_54' title='bbox 564 666 677 732; x_wconf 81' lang='lat' dir='ltr'>On.</span> <span class='ocrx_word' id='word_1_55' title='bbox 711 667 943 731; x_wconf 90' lang='lat' dir='ltr'>Manlio</span> <span class='ocrx_word' id='word_1_56' title='bbox 991 669 1245 733; x_wconf 88' lang='lat' dir='ltr'>consule</span> <span class='ocrx_word' id='word_1_57' title='bbox 1291 669 1454 733; x_wconf 90' lang='lat' dir='ltr'>bello</span> <span class='ocrx_word' id='word_1_58' title='bbox 1516 669 1580 732; x_wconf 92' lang='lat' dir='ltr'>in</span> <span class='ocrx_word' id='word_1_59' title='bbox 1625 670 1780 733; x_wconf 89' lang='lat' dir='ltr'>Asia</span> <span class='ocrx_word' id='word_1_60' title='bbox 1841 688 1983 732; x_wconf 90' lang='lat' dir='ltr'>cum</span> <span class='ocrx_word' id='word_1_61' title='bbox 2028 666 2225 730; x_wconf 80' lang='lat' dir='ltr'>Gallis</span> <span class='ocrx_word' id='word_1_62' title='bbox 2284 665 2585 749; x_wconf 85' lang='lat' dir='ltr'>perfectO,</span> 
     </span>
    </p>

    <p class='ocr_par' dir='ltr' id='par_1_4' title="bbox 84 751 2602 2483">
     <span class='ocr_line' id='line_1_8' title="bbox 200 751 2602 838; baseline -0.001 -21"><span class='ocrx_word' id='word_1_63' title='bbox 200 753 364 818; x_wconf 89' lang='lat' dir='ltr'>alter</span> <span class='ocrx_word' id='word_1_64' title='bbox 410 753 628 817; x_wconf 90' lang='lat' dir='ltr'>consul</span> <span class='ocrx_word' id='word_1_65' title='bbox 674 754 754 817; x_wconf 92' lang='lat' dir='ltr'>M.</span> <span class='ocrx_word' id='word_1_66' title='bbox 789 754 1048 818; x_wconf 87' lang='lat' dir='ltr'>Fulvius</span> <span class='ocrx_word' id='word_1_67' title='bbox 1094 755 1460 838; x_wconf 89' lang='lat' dir='ltr'>perdomitis</span> <span class='ocrx_word' id='word_1_68' title='bbox 1506 755 1749 821; x_wconf 88' lang='lat' dir='ltr'>Aetolis</span> <span class='ocrx_word' id='word_1_69' title='bbox 1795 775 1936 819; x_wconf 91' lang='lat' dir='ltr'>cum</span> <span class='ocrx_word' id='word_1_70' title='bbox 1982 753 2332 818; x_wconf 87' lang='lat' dir='ltr'>traiecisset</span> <span class='ocrx_word' id='word_1_71' title='bbox 2377 752 2444 815; x_wconf 92' lang='grc'>111</span> <span class='ocrx_word' id='word_1_72' title='bbox 2478 751 2602 815; x_wconf 58' lang='grc'>08·</span> 
     </span>
     <span class='ocr_line' id='line_1_9' title="bbox 198 839 2587 925; baseline -0.001 -22"><span class='ocrx_word' id='word_1_73' title='bbox 198 839 618 923; x_wconf 89' lang='lat' dir='ltr'>phallaniam,</span> <span class='ocrx_word' id='word_1_74' title='bbox 665 840 832 904; x_wconf 85' lang='lat' dir='ltr'>circa</span> <span class='ocrx_word' id='word_1_75' title='bbox 877 841 1168 906; x_wconf 87' lang='lat' dir='ltr'>civitates</span> <span class='ocrx_word' id='word_1_76' title='bbox 1225 842 1470 907; x_wconf 88' lang='lat' dir='ltr'>insulae</span> <span class='ocrx_word' id='word_1_77' title='bbox 1532 842 1701 906; x_wconf 82' lang='lat' dir='ltr'>misit</span> <span class='ocrx_word' id='word_1_78' title='bbox 1745 847 2201 925; x_wconf 88' lang='lat' dir='ltr'>percontatum,</span> <span class='ocrx_word' id='word_1_79' title='bbox 2263 845 2472 903; x_wconf 90' lang='lat' dir='ltr'>utrum</span> <span class='ocrx_word' id='word_1_80' title='bbox 2519 857 2587 902; x_wconf 92' lang='lat' dir='ltr'>se</span> 
     </span>
     <span class='ocr_line' id='line_1_10' title="bbox 200 923 2588 1012; baseline -0 -23"><span class='ocrx_word' id='word_1_81' title='bbox 200 925 441 991; x_wconf 88' lang='lat' dir='ltr'>dedere</span> <span class='ocrx_word' id='word_1_82' title='bbox 486 926 789 990; x_wconf 89' lang='lat' dir='ltr'>Romanis</span> <span class='ocrx_word' id='word_1_83' title='bbox 833 948 917 992; x_wconf 92' lang='lat' dir='ltr'>an</span> <span class='ocrx_word' id='word_1_84' title='bbox 981 928 1130 992; x_wconf 91' lang='lat' dir='ltr'>belli</span> <span class='ocrx_word' id='word_1_85' title='bbox 1176 928 1490 993; x_wconf 85' lang='lat' dir='ltr'>fortunam</span> <span class='ocrx_word' id='word_1_86' title='bbox 1553 928 1828 1012; x_wconf 89' lang='lat' dir='ltr'>experiri</span> <span class='ocrx_word' id='word_1_87' title='bbox 1887 928 2164 991; x_wconf 91' lang='lat' dir='ltr'>mallent.</span> <span class='ocrx_word' id='word_1_88' title='bbox 2256 932 2461 990; x_wconf 90' lang='lat' dir='ltr'>metus</span> <span class='ocrx_word' id='word_1_89' title='bbox 2505 923 2588 988; x_wconf 90' lang='lat' dir='ltr'>ad</span> 
     </span>
     <span class='ocr_line' id='line_1_11' title="bbox 84 1013 2589 1096; baseline -0.002 -16"><span class='ocrx_word' id='word_1_90' title='bbox 84 1033 161 1080; x_wconf 88' lang='lat'>10</span> <span class='ocrx_word' id='word_1_91' title='bbox 201 1033 430 1078; x_wconf 91' lang='lat' dir='ltr'>omnes</span> <span class='ocrx_word' id='word_1_92' title='bbox 475 1013 693 1093; x_wconf 91' lang='lat' dir='ltr'>valuit,</span> <span class='ocrx_word' id='word_1_93' title='bbox 740 1033 821 1078; x_wconf 91' lang='lat' dir='ltr'>ne</span> <span class='ocrx_word' id='word_1_94' title='bbox 867 1013 1252 1079; x_wconf 86' lang='lat' dir='ltr'>deditionem</span> <span class='ocrx_word' id='word_1_95' title='bbox 1297 1023 1680 1080; x_wconf 84' lang='lat' dir='ltr'>recusarent.</span> <span class='ocrx_word' id='word_1_96' title='bbox 1759 1014 2011 1079; x_wconf 91' lang='lat' dir='ltr'>obsides</span> <span class='ocrx_word' id='word_1_97' title='bbox 2056 1013 2204 1077; x_wconf 90' lang='lat' dir='ltr'>inde</span> <span class='ocrx_word' id='word_1_98' title='bbox 2250 1013 2589 1096; x_wconf 87' lang='lat' dir='ltr'>imperatos</span> 
     </span>
     <span class='ocr_line' id='line_1_12' title="bbox 198 1099 2588 1185; baseline -0.001 -22"><span class='ocrx_word' id='word_1_99' title='bbox 198 1121 315 1184; x_wconf 91' lang='lat' dir='ltr'>pro</span> <span class='ocrx_word' id='word_1_100' title='bbox 347 1099 593 1164; x_wconf 87' lang='lat' dir='ltr'>viribus</span> <span class='ocrx_word' id='word_1_101' title='bbox 636 1100 858 1183; x_wconf 89' lang='lat' dir='ltr'>inopes</span> <span class='ocrx_word' id='word_1_102' title='bbox 904 1102 1138 1185; x_wconf 90' lang='lat' dir='ltr'>populi,</span> <span class='ocrx_word' id='word_1_103' title='bbox 1187 1103 1448 1185; x_wconf 80' lang='lat' dir='ltr'>quadra</span> <span class='ocrx_word' id='word_1_104' title='bbox 1490 1103 1633 1164; x_wconf 85' lang='lat' dir='ltr'>inta</span> <span class='ocrx_word' id='word_1_105' title='bbox 1679 1101 2026 1180; x_wconf 83' lang='lat' dir='ltr'>Pronnaei,</span> <span class='ocrx_word' id='word_1_106' title='bbox 2072 1101 2330 1165; x_wconf 82' lang='lat' dir='ltr'>vicenos</span> <span class='ocrx_word' id='word_1_107' title='bbox 2375 1105 2588 1162; x_wconf 89' lang='lat' dir='ltr'>autem</span> 
     </span>
     <span class='ocr_line' id='line_1_13' title="bbox 200 1184 2587 1271; baseline -0.002 -19"><span class='ocrx_word' id='word_1_108' title='bbox 200 1186 421 1252; x_wconf 81' lang='lat' dir='ltr'>Cranii</span> <span class='ocrx_word' id='word_1_109' title='bbox 469 1194 530 1251; x_wconf 93' lang='lat' dir='ltr'>et</span> <span class='ocrx_word' id='word_1_110' title='bbox 574 1187 875 1252; x_wconf 89' lang='lat' dir='ltr'>Palenses</span> <span class='ocrx_word' id='word_1_111' title='bbox 921 1194 984 1252; x_wconf 88' lang='lat' dir='ltr'>et</span> <span class='ocrx_word' id='word_1_112' title='bbox 1038 1189 1290 1254; x_wconf 87' lang='lat' dir='ltr'>Samaei</span> <span class='ocrx_word' id='word_1_113' title='bbox 1344 1187 1423 1253; x_wconf 92' lang='lat' dir='ltr'>de</span> <span class='ocrx_word' id='word_1_114' title='bbox 1473 1196 1671 1253; x_wconf 90' lang='lat' dir='ltr'>erunt.</span> <span class='ocrx_word' id='word_1_115' title='bbox 1762 1189 2083 1271; x_wconf 90' lang='lat' dir='ltr'>insperata</span> <span class='ocrx_word' id='word_1_116' title='bbox 2135 1207 2263 1270; x_wconf 88' lang='lat' dir='ltr'>pax</span> <span class='ocrx_word' id='word_1_117' title='bbox 2328 1184 2587 1269; x_wconf 82' lang='lat' dir='ltr'>Cephal-</span> 
     </span>
     <span class='ocr_line' id='line_1_14' title="bbox 198 1271 2585 1359; baseline -0.001 -23"><span class='ocrx_word' id='word_1_118' title='bbox 198 1273 414 1338; x_wconf 86' lang='lat' dir='ltr'>laniae</span> <span class='ocrx_word' id='word_1_119' title='bbox 468 1273 817 1355; x_wconf 87' lang='lat' dir='ltr'>affulserat,</span> <span class='ocrx_word' id='word_1_120' title='bbox 875 1294 1017 1338; x_wconf 91' lang='lat' dir='ltr'>cum</span> <span class='ocrx_word' id='word_1_121' title='bbox 1061 1282 1324 1359; x_wconf 87' lang='lat' dir='ltr'>repente</span> <span class='ocrx_word' id='word_1_122' title='bbox 1387 1295 1516 1339; x_wconf 89' lang='lat' dir='ltr'>una</span> <span class='ocrx_word' id='word_1_123' title='bbox 1574 1276 1827 1355; x_wconf 88' lang='lat' dir='ltr'>civitas,</span> <span class='ocrx_word' id='word_1_124' title='bbox 1888 1275 2198 1338; x_wconf 90' lang='lat' dir='ltr'>incertum</span> <span class='ocrx_word' id='word_1_125' title='bbox 2257 1292 2444 1353; x_wconf 91' lang='lat' dir='ltr'>quam</span> <span class='ocrx_word' id='word_1_126' title='bbox 2505 1271 2585 1334; x_wconf 93' lang='lat' dir='ltr'>ob</span> 
     </span>
     <span class='ocr_line' id='line_1_15' title="bbox 201 1357 2592 1446; baseline -0.002 -22"><span class='ocrx_word' id='word_1_127' title='bbox 201 1380 485 1440; x_wconf 89' lang='lat' dir='ltr'>causam,</span> <span class='ocrx_word' id='word_1_128' title='bbox 533 1360 786 1425; x_wconf 85' lang='lat' dir='ltr'>Samaei</span> <span class='ocrx_word' id='word_1_129' title='bbox 847 1360 1266 1426; x_wconf 89' lang='lat' dir='ltr'>desciverunt.</span> <span class='ocrx_word' id='word_1_130' title='bbox 1360 1363 1510 1443; x_wconf 89' lang='lat' dir='ltr'>quia</span> <span class='ocrx_word' id='word_1_131' title='bbox 1569 1367 1919 1446; x_wconf 90' lang='lat' dir='ltr'>opportuno</span> <span class='ocrx_word' id='word_1_132' title='bbox 1980 1361 2116 1425; x_wconf 92' lang='lat' dir='ltr'>loco</span> <span class='ocrx_word' id='word_1_133' title='bbox 2176 1359 2326 1423; x_wconf 92' lang='lat' dir='ltr'>urbs</span> <span class='ocrx_word' id='word_1_134' title='bbox 2385 1357 2592 1441; x_wconf 89' lang='lat' dir='ltr'>posita</span> 
     </span>
     <span class='ocr_line' id='line_1_16' title="bbox 91 1443 2589 1532; baseline -0.002 -20"><span class='ocrx_word' id='word_1_135' title='bbox 91 1467 163 1513; x_wconf 87' lang='lat'>15</span> <span class='ocrx_word' id='word_1_136' title='bbox 203 1455 393 1527; x_wconf 86' lang='lat' dir='ltr'>esset,</span> <span class='ocrx_word' id='word_1_137' title='bbox 441 1447 727 1512; x_wconf 87' lang='lat' dir='ltr'>timuisse</span> <span class='ocrx_word' id='word_1_138' title='bbox 774 1467 841 1512; x_wconf 89' lang='lat' dir='ltr'>se</span> <span class='ocrx_word' id='word_1_139' title='bbox 886 1448 1164 1528; x_wconf 85' lang='lat' dir='ltr'>aiebant,</span> <span class='ocrx_word' id='word_1_140' title='bbox 1212 1468 1292 1512; x_wconf 90' lang='lat' dir='ltr'>ne</span> <span class='ocrx_word' id='word_1_141' title='bbox 1339 1448 1694 1532; x_wconf 86' lang='lat' dir='ltr'>demigrare</span> <span class='ocrx_word' id='word_1_142' title='bbox 1741 1454 2114 1530; x_wconf 84' lang='lat' dir='ltr'>cogerentur</span> <span class='ocrx_word' id='word_1_143' title='bbox 2158 1446 2240 1509; x_wconf 92' lang='lat' dir='ltr'>ab</span> <span class='ocrx_word' id='word_1_144' title='bbox 2272 1443 2589 1510; x_wconf 86' lang='lat' dir='ltr'>Romanis.</span> 
     </span>
     <span class='ocr_line' id='line_1_17' title="bbox 201 1531 2593 1617; baseline -0.002 -19"><span class='ocrx_word' id='word_1_145' title='bbox 201 1540 483 1598; x_wconf 87' lang='lat' dir='ltr'>ceterum</span> <span class='ocrx_word' id='word_1_146' title='bbox 528 1534 733 1617; x_wconf 90' lang='lat' dir='ltr'>ipsine</span> <span class='ocrx_word' id='word_1_147' title='bbox 780 1534 902 1598; x_wconf 92' lang='lat' dir='ltr'>sibi</span> <span class='ocrx_word' id='word_1_148' title='bbox 950 1555 1092 1599; x_wconf 92' lang='lat' dir='ltr'>eum</span> <span class='ocrx_word' id='word_1_149' title='bbox 1138 1534 1442 1599; x_wconf 90' lang='lat' dir='ltr'>finxerint</span> <span class='ocrx_word' id='word_1_150' title='bbox 1496 1541 1734 1599; x_wconf 88' lang='lat' dir='ltr'>metum</span> <span class='ocrx_word' id='word_1_151' title='bbox 1796 1541 1858 1598; x_wconf 93' lang='lat' dir='ltr'>et</span> <span class='ocrx_word' id='word_1_152' title='bbox 1913 1534 2136 1598; x_wconf 87' lang='lat' dir='ltr'>timore</span> <span class='ocrx_word' id='word_1_153' title='bbox 2195 1553 2362 1596; x_wconf 91' lang='lat' dir='ltr'>vano</span> <span class='ocrx_word' id='word_1_154' title='bbox 2426 1531 2593 1612; x_wconf 89' lang='lat' dir='ltr'>quie-</span> 
     </span>
     <span class='ocr_line' id='line_1_18' title="bbox 201 1618 2594 1704; baseline -0.001 -21"><span class='ocrx_word' id='word_1_155' title='bbox 201 1625 336 1684; x_wconf 91' lang='lat' dir='ltr'>tum</span> <span class='ocrx_word' id='word_1_156' title='bbox 383 1620 806 1684; x_wconf 82' lang='lat' dir='ltr'>excitaverint</span> <span class='ocrx_word' id='word_1_157' title='bbox 848 1622 1104 1702; x_wconf 88' lang='lat' dir='ltr'>malum,</span> <span class='ocrx_word' id='word_1_158' title='bbox 1152 1643 1237 1685; x_wconf 88' lang='lat' dir='ltr'>an</span> <span class='ocrx_word' id='word_1_159' title='bbox 1281 1623 1516 1686; x_wconf 88' lang='lat' dir='ltr'>iactata</span> <span class='ocrx_word' id='word_1_160' title='bbox 1562 1622 1956 1686; x_wconf 88' lang='lat' dir='ltr'>sermonibus</span> <span class='ocrx_word' id='word_1_161' title='bbox 2000 1640 2105 1685; x_wconf 92' lang='lat' dir='ltr'>res</span> <span class='ocrx_word' id='word_1_162' title='bbox 2157 1618 2327 1704; x_wconf 91' lang='lat' dir='ltr'>apud</span> <span class='ocrx_word' id='word_1_163' title='bbox 2371 1619 2594 1681; x_wconf 85' lang='lat' dir='ltr'>Roma-</span> 
     </span>
     <span class='ocr_line' id='line_1_19' title="bbox 202 1704 2596 1792; baseline -0.002 -23"><span class='ocrx_word' id='word_1_164' title='bbox 202 1727 318 1771; x_wconf 90' lang='lat' dir='ltr'>nos</span> <span class='ocrx_word' id='word_1_165' title='bbox 360 1707 605 1790; x_wconf 87' lang='lat' dir='ltr'>perlata</span> <span class='ocrx_word' id='word_1_166' title='bbox 650 1706 734 1771; x_wconf 91' lang='lat' dir='ltr'>ad</span> <span class='ocrx_word' id='word_1_167' title='bbox 780 1727 887 1772; x_wconf 90' lang='lat' dir='ltr'>eos</span> <span class='ocrx_word' id='word_1_168' title='bbox 934 1708 1033 1788; x_wconf 91' lang='lat' dir='ltr'>sit,</span> <span class='ocrx_word' id='word_1_169' title='bbox 1081 1708 1238 1773; x_wconf 90' lang='lat' dir='ltr'>nihil</span> <span class='ocrx_word' id='word_1_170' title='bbox 1284 1707 1617 1792; x_wconf 77' lang='lat' dir='ltr'>comperti</span> <span class='ocrx_word' id='word_1_171' title='bbox 1650 1715 1764 1789; x_wconf 89' lang='lat' dir='ltr'>est,</span> <span class='ocrx_word' id='word_1_172' title='bbox 1831 1708 1952 1773; x_wconf 90' lang='lat' dir='ltr'>nisi</span> <span class='ocrx_word' id='word_1_173' title='bbox 2013 1706 2182 1789; x_wconf 91' lang='lat' dir='ltr'>quod</span> <span class='ocrx_word' id='word_1_174' title='bbox 2243 1705 2408 1770; x_wconf 89' lang='lat' dir='ltr'>datis</span> <span class='ocrx_word' id='word_1_175' title='bbox 2467 1704 2596 1767; x_wconf 93' lang='grc'><strong>13111</strong></span> 
     </span>
     <span class='ocr_line' id='line_1_20' title="bbox 209 1792 2594 1879; baseline -0.001 -22"><span class='ocrx_word' id='word_1_176' title='bbox 209 1792 534 1858; x_wconf 89' lang='lat' dir='ltr'>obsidibus</span> <span class='ocrx_word' id='word_1_177' title='bbox 580 1799 842 1876; x_wconf 88' lang='lat' dir='ltr'>repente</span> <span class='ocrx_word' id='word_1_178' title='bbox 888 1802 1102 1879; x_wconf 91' lang='lat' dir='ltr'>portas</span> <span class='ocrx_word' id='word_1_179' title='bbox 1163 1795 1523 1861; x_wconf 88' lang='lat' dir='ltr'>clauserunt</span> <span class='ocrx_word' id='word_1_180' title='bbox 1583 1801 1646 1860; x_wconf 90' lang='lat' dir='ltr'>et</span> <span class='ocrx_word' id='word_1_181' title='bbox 1704 1816 1785 1860; x_wconf 87' lang='lat' dir='ltr'>ne</span> <span class='ocrx_word' id='word_1_182' title='bbox 1832 1814 2085 1860; x_wconf 90' lang='lat' dir='ltr'>suorum</span> <span class='ocrx_word' id='word_1_183' title='bbox 2148 1792 2401 1875; x_wconf 90' lang='lat' dir='ltr'>quidem</span> <span class='ocrx_word' id='word_1_184' title='bbox 2462 1811 2594 1874; x_wconf 91' lang='lat' dir='ltr'>pre-</span> 
     </span>
     <span class='ocr_line' id='line_1_21' title="bbox 95 1878 2594 1965; baseline -0.001 -22"><span class='ocrx_word' id='word_1_185' title='bbox 95 1896 173 1944; x_wconf 83' lang='lat'>20</span> <span class='ocrx_word' id='word_1_186' title='bbox 210 1879 386 1945; x_wconf 90' lang='lat' dir='ltr'>cibus</span> <span class='ocrx_word' id='word_1_187' title='bbox 431 1917 513 1926; x_wconf 90' lang='lat'>--</span> <span class='ocrx_word' id='word_1_188' title='bbox 564 1881 824 1945; x_wconf 89' lang='lat' dir='ltr'>miserat</span> <span class='ocrx_word' id='word_1_189' title='bbox 869 1883 1035 1946; x_wconf 91' lang='lat' dir='ltr'>enim</span> <span class='ocrx_word' id='word_1_190' title='bbox 1083 1883 1197 1948; x_wconf 92' lang='lat' dir='ltr'>sub</span> <span class='ocrx_word' id='word_1_191' title='bbox 1246 1904 1459 1949; x_wconf 91' lang='lat' dir='ltr'>muros</span> <span class='ocrx_word' id='word_1_192' title='bbox 1506 1882 1724 1947; x_wconf 89' lang='lat' dir='ltr'>consul</span> <span class='ocrx_word' id='word_1_193' title='bbox 1777 1881 1861 1945; x_wconf 88' lang='lat' dir='ltr'>ad</span> <span class='ocrx_word' id='word_1_194' title='bbox 1919 1880 2355 1965; x_wconf 89' lang='lat' dir='ltr'>temptandam</span> <span class='ocrx_word' id='word_1_195' title='bbox 2415 1878 2594 1941; x_wconf 89' lang='lat' dir='ltr'>mise-</span> 
     </span>
     <span class='ocr_line' id='line_1_22' title="bbox 201 1965 2592 2052; baseline -0.001 -22"><span class='ocrx_word' id='word_1_196' title='bbox 201 1965 539 2030; x_wconf 87' lang='lat' dir='ltr'>ricordiam</span> <span class='ocrx_word' id='word_1_197' title='bbox 590 1968 948 2050; x_wconf 90' lang='lat' dir='ltr'>parentium</span> <span class='ocrx_word' id='word_1_198' title='bbox 1001 1969 1523 2052; x_wconf 89' lang='lat' dir='ltr'>populariumque</span> <span class='ocrx_word' id='word_1_199' title='bbox 1567 2007 1653 2017; x_wconf 88' lang='lat'>—-·</span> <span class='ocrx_word' id='word_1_200' title='bbox 1700 1969 2003 2034; x_wconf 88' lang='lat' dir='ltr'>desistere</span> <span class='ocrx_word' id='word_1_201' title='bbox 2056 1969 2137 2033; x_wconf 89' lang='lat' dir='ltr'>ab</span> <span class='ocrx_word' id='word_1_202' title='bbox 2193 1967 2445 2049; x_wconf 91' lang='lat' dir='ltr'>incepto</span> <span class='ocrx_word' id='word_1_203' title='bbox 2491 1984 2592 2028; x_wconf 92' lang='lat' dir='ltr'>vo-</span> 
     </span>
     <span class='ocr_line' id='line_1_23' title="bbox 199 2051 2590 2141; baseline -0.001 -25"><span class='ocrx_word' id='word_1_204' title='bbox 199 2053 473 2117; x_wconf 87' lang='lat' dir='ltr'>luerunt.</span> <span class='ocrx_word' id='word_1_205' title='bbox 550 2054 905 2136; x_wconf 88' lang='lat' dir='ltr'>oppugnari</span> <span class='ocrx_word' id='word_1_206' title='bbox 951 2055 1200 2137; x_wconf 90' lang='lat' dir='ltr'>deinde,</span> <span class='ocrx_word' id='word_1_207' title='bbox 1247 2064 1584 2141; x_wconf 87' lang='lat' dir='ltr'>postquam</span> <span class='ocrx_word' id='word_1_208' title='bbox 1629 2055 1787 2120; x_wconf 92' lang='lat' dir='ltr'>nihil</span> <span class='ocrx_word' id='word_1_209' title='bbox 1831 2055 2042 2138; x_wconf 87' lang='lat' dir='ltr'>pacati</span> <span class='ocrx_word' id='word_1_210' title='bbox 2072 2051 2590 2137; x_wconf 85' lang='lat' dir='ltr'>respondebatur,</span> 
     </span>
     <span class='ocr_line' id='line_1_24' title="bbox 199 2139 2592 2226; baseline -0.002 -20"><span class='ocrx_word' id='word_1_211' title='bbox 199 2148 432 2224; x_wconf 89' lang='lat' dir='ltr'>coepta</span> <span class='ocrx_word' id='word_1_212' title='bbox 483 2141 634 2206; x_wconf 90' lang='lat' dir='ltr'>urbs</span> <span class='ocrx_word' id='word_1_213' title='bbox 690 2149 802 2207; x_wconf 84' lang='lat' dir='ltr'>est.</span> <span class='ocrx_word' id='word_1_214' title='bbox 899 2149 1270 2226; x_wconf 88' lang='lat' dir='ltr'>apparatum</span> <span class='ocrx_word' id='word_1_215' title='bbox 1325 2163 1579 2209; x_wconf 90' lang='lat' dir='ltr'>omnem</span> <span class='ocrx_word' id='word_1_216' title='bbox 1635 2149 2083 2208; x_wconf 87' lang='lat' dir='ltr'>tormentorum</span> <span class='ocrx_word' id='word_1_217' title='bbox 2137 2139 2592 2204; x_wconf 89' lang='lat' dir='ltr'>machinarum-</span> 
     </span>
     <span class='ocr_line' id='line_1_25' title="bbox 195 2228 2590 2314; baseline -0.001 -23"><span class='ocrx_word' id='word_1_218' title='bbox 195 2247 326 2308; x_wconf 89' lang='lat' dir='ltr'>que</span> <span class='ocrx_word' id='word_1_219' title='bbox 381 2233 731 2292; x_wconf 89' lang='lat' dir='ltr'>travectum</span> <span class='ocrx_word' id='word_1_220' title='bbox 791 2230 871 2293; x_wconf 90' lang='lat' dir='ltr'>ab</span> <span class='ocrx_word' id='word_1_221' title='bbox 929 2229 1303 2294; x_wconf 89' lang='lat' dir='ltr'>Ambraciae</span> <span class='ocrx_word' id='word_1_222' title='bbox 1363 2230 1838 2314; x_wconf 90' lang='lat' dir='ltr'>oppugnatione</span> <span class='ocrx_word' id='word_1_223' title='bbox 1897 2228 2202 2311; x_wconf 84' lang='lat' dir='ltr'>habebat3</span> <span class='ocrx_word' id='word_1_224' title='bbox 2265 2233 2328 2291; x_wconf 92' lang='lat' dir='ltr'>et</span> <span class='ocrx_word' id='word_1_225' title='bbox 2381 2245 2590 2309; x_wconf 89' lang='lat' dir='ltr'>opera,</span> 
     </span>
     <span class='ocr_line' id='line_1_26' title="bbox 90 2312 2595 2400; baseline -0.001 -23"><span class='ocrx_word' id='word_1_226' title='bbox 90 2329 158 2378; x_wconf 80' lang='lat'>25</span> <span class='ocrx_word' id='word_1_227' title='bbox 197 2333 368 2395; x_wconf 90' lang='lat' dir='ltr'>quae</span> <span class='ocrx_word' id='word_1_228' title='bbox 408 2314 709 2378; x_wconf 84' lang='lat' dir='ltr'>facienda</span> <span class='ocrx_word' id='word_1_229' title='bbox 754 2321 952 2395; x_wconf 90' lang='lat' dir='ltr'>erant,</span> <span class='ocrx_word' id='word_1_230' title='bbox 1007 2316 1273 2400; x_wconf 90' lang='lat' dir='ltr'>impigre</span> <span class='ocrx_word' id='word_1_231' title='bbox 1319 2316 1553 2381; x_wconf 92' lang='lat' dir='ltr'>milites</span> <span class='ocrx_word' id='word_1_232' title='bbox 1596 2316 2014 2400; x_wconf 88' lang='lat' dir='ltr'>perfecerunt.</span> <span class='ocrx_word' id='word_1_233' title='bbox 2107 2314 2352 2378; x_wconf 89' lang='lat' dir='ltr'>duobus</span> <span class='ocrx_word' id='word_1_234' title='bbox 2404 2312 2595 2395; x_wconf 89' lang='lat' dir='ltr'>igitur</span> 
     </span>
     <span class='ocr_line' id='line_1_27' title="bbox 194 2397 2595 2483; baseline -0.001 -19"><span class='ocrx_word' id='word_1_235' title='bbox 194 2400 358 2465; x_wconf 91' lang='lat' dir='ltr'>locis</span> <span class='ocrx_word' id='word_1_236' title='bbox 403 2400 637 2466; x_wconf 90' lang='lat' dir='ltr'>admoti</span> <span class='ocrx_word' id='word_1_237' title='bbox 691 2402 921 2466; x_wconf 89' lang='lat' dir='ltr'>arietes</span> <span class='ocrx_word' id='word_1_238' title='bbox 972 2401 1342 2483; x_wconf 88' lang='lat' dir='ltr'>quatiebant</span> <span class='ocrx_word' id='word_1_239' title='bbox 1386 2423 1617 2468; x_wconf 83' lang='grc'><strong>11111108.</strong></span> <span class='ocrx_word' id='word_1_240' title='bbox 1708 2403 1951 2466; x_wconf 90' lang='lat' dir='ltr'>XXIX.</span> <span class='ocrx_word' id='word_1_241' title='bbox 1999 2402 2137 2465; x_wconf 89' lang='lat' dir='ltr'>Nec</span> <span class='ocrx_word' id='word_1_242' title='bbox 2180 2400 2262 2464; x_wconf 89' lang='lat' dir='ltr'>ab</span> <span class='ocrx_word' id='word_1_243' title='bbox 2291 2397 2595 2464; x_wconf 79' lang='lat' dir='ltr'>·-Samaeis</span> 
     </span>
    </p>
   </div>
   <div class='ocr_carea' id='block_1_3' title="bbox 193 2570 616 2578">
    <p class='ocr_par' dir='ltr' id='par_1_5' title="bbox 193 2570 616 2578">
     <span class='ocr_line' id='line_1_28' title="bbox 193 2570 616 2578; baseline 0 0"><span class='ocrx_word' id='word_1_244' title='bbox 193 2570 616 2578; x_wconf 95' lang='lat' dir='ltr'> </span> 
     </span>
    </p>
   </div>
   <div class='ocr_carea' id='block_1_4' title="bbox 192 2677 2603 3792">
    <p class='ocr_par' dir='ltr' id='par_1_6' title="bbox 192 2677 2603 3792">
     <span class='ocr_line' id='line_1_29' title="bbox 416 2677 2593 2748; baseline -0.001 -17"><span class='ocrx_word' id='word_1_245' title='bbox 416 2682 462 2732; x_wconf 87' lang='lat'>1.</span> <span class='ocrx_word' id='word_1_246' title='bbox 501 2678 950 2732; x_wconf 86' lang='lat' dir='ltr'>substrictionem</span> <span class='ocrx_word' id='word_1_247' title='bbox 975 2680 1037 2733; x_wconf 94' lang='lat' dir='ltr'>B.</span> <span class='ocrx_word' id='word_1_248' title='bbox 1072 2685 1080 2744; x_wconf 91' lang='grc'>1</span> <span class='ocrx_word' id='word_1_249' title='bbox 1110 2683 1160 2733; x_wconf 87' lang='grc'><strong>4.</strong></span> <span class='ocrx_word' id='word_1_250' title='bbox 1186 2696 1361 2748; x_wconf 86' lang='lat' dir='ltr'>aquae</span> <span class='ocrx_word' id='word_1_251' title='bbox 1400 2682 1515 2735; x_wconf 84' lang='lat' dir='ltr'>cod.</span> <span class='ocrx_word' id='word_1_252' title='bbox 1541 2680 1628 2748; x_wconf 98' lang='grc' dir='ltr'>(Β)</span> <span class='ocrx_word' id='word_1_253' title='bbox 1665 2687 1713 2734; x_wconf 87' lang='lat' dir='ltr'>et</span> <span class='ocrx_word' id='word_1_254' title='bbox 1748 2682 1827 2734; x_wconf 82' lang='lat' dir='ltr'>ed.</span> <span class='ocrx_word' id='word_1_255' title='bbox 1853 2687 1977 2743; x_wconf 55' lang='grc' dir='ltr'>τεὰς</span> <span class='ocrx_word' id='word_1_256' title='bbox 2011 2677 2234 2747; x_wconf 88' lang='lat' dir='ltr'>pluuiae</span> <span class='ocrx_word' id='word_1_257' title='bbox 2260 2677 2332 2729; x_wconf 90' lang='lat' dir='ltr'>M.</span> <span class='ocrx_word' id='word_1_258' title='bbox 2365 2680 2372 2743; x_wconf 84' lang='grc' dir='ltr'>Ι</span> <span class='ocrx_word' id='word_1_259' title='bbox 2408 2681 2488 2732; x_wconf 90' lang='grc'>10.</span> <span class='ocrx_word' id='word_1_260' title='bbox 2516 2691 2593 2729; x_wconf 88' lang='lat' dir='ltr'>re-</span> 
     </span>
     <span class='ocr_line' id='line_1_30' title="bbox 196 2763 2594 2837; baseline -0.001 -20"><span class='ocrx_word' id='word_1_261' title='bbox 196 2767 462 2817; x_wconf 83' lang='lat' dir='ltr'>cusatent</span> <span class='ocrx_word' id='word_1_262' title='bbox 485 2765 539 2817; x_wconf 89' lang='lat' dir='ltr'>M</span> <span class='ocrx_word' id='word_1_263' title='bbox 565 2773 615 2820; x_wconf 87' lang='lat' dir='ltr'>et</span> <span class='ocrx_word' id='word_1_264' title='bbox 643 2768 816 2835; x_wconf 82' lang='lat' dir='ltr'>pauci</span> <span class='ocrx_word' id='word_1_265' title='bbox 853 2769 968 2822; x_wconf 84' lang='lat' dir='ltr'>cod.</span> <span class='ocrx_word' id='word_1_266' title='bbox 995 2785 1093 2823; x_wconf 81' lang='lat' dir='ltr'>rec.</span> <span class='ocrx_word' id='word_1_267' title='bbox 1122 2769 1277 2833; x_wconf 78' lang='lat' dir='ltr'>(Lov.</span> <span class='ocrx_word' id='word_1_268' title='bbox 1302 2771 1375 2835; x_wconf 78' lang='lat'>2),</span> <span class='ocrx_word' id='word_1_269' title='bbox 1413 2770 1696 2837; x_wconf 75' lang='lat' dir='ltr'>Moyunt.;</span> <span class='ocrx_word' id='word_1_270' title='bbox 1733 2771 2060 2819; x_wconf 85' lang='lat' dir='ltr'>excusarent</span> <span class='ocrx_word' id='word_1_271' title='bbox 2097 2767 2210 2820; x_wconf 83' lang='lat' dir='ltr'>cod.</span> <span class='ocrx_word' id='word_1_272' title='bbox 2241 2766 2484 2833; x_wconf 78' lang='lat' dir='ltr'>plerique</span> <span class='ocrx_word' id='word_1_273' title='bbox 2509 2763 2594 2830; x_wconf 91' lang='grc' dir='ltr'>(Β)</span> 
     </span>
     <span class='ocr_line' id='line_1_31' title="bbox 194 2850 2593 2922; baseline -0.001 -17"><span class='ocrx_word' id='word_1_274' title='bbox 194 2858 250 2905; x_wconf 84' lang='lat' dir='ltr'>et</span> <span class='ocrx_word' id='word_1_275' title='bbox 285 2853 364 2905; x_wconf 82' lang='lat' dir='ltr'>ed.</span> <span class='ocrx_word' id='word_1_276' title='bbox 396 2853 683 2921; x_wconf 77' lang='lat' dir='ltr'>antiquiss.</span> <span class='ocrx_word' id='word_1_277' title='bbox 717 2856 725 2919; x_wconf 70' lang='grc' dir='ltr'>ἱ</span> <span class='ocrx_word' id='word_1_278' title='bbox 757 2852 981 2920; x_wconf 89' lang='lat' dir='ltr'>opsides</span> <span class='ocrx_word' id='word_1_279' title='bbox 1017 2854 1079 2907; x_wconf 91' lang='lat' dir='ltr'>B.</span> <span class='ocrx_word' id='word_1_280' title='bbox 1114 2857 1121 2921; x_wconf 92' lang='grc' dir='ltr'>Ι</span> <span class='ocrx_word' id='word_1_281' title='bbox 1156 2856 1235 2909; x_wconf 92' lang='grc'>11.</span> <span class='ocrx_word' id='word_1_282' title='bbox 1273 2855 1465 2922; x_wconf 89' lang='lat' dir='ltr'>inopes</span> <span class='ocrx_word' id='word_1_283' title='bbox 1510 2855 1572 2921; x_wconf 92' lang='lat' dir='ltr'>B,</span> <span class='ocrx_word' id='word_1_284' title='bbox 1611 2856 1690 2909; x_wconf 86' lang='lat' dir='ltr'>ed.</span> <span class='ocrx_word' id='word_1_285' title='bbox 1718 2855 1891 2908; x_wconf 85' lang='lat' dir='ltr'>Basil.</span> <span class='ocrx_word' id='word_1_286' title='bbox 1920 2858 2074 2918; x_wconf 84' lang='lat'>1535,</span> <span class='ocrx_word' id='word_1_287' title='bbox 2112 2854 2371 2921; x_wconf 76' lang='lat' dir='ltr'>Madviq;</span> <span class='ocrx_word' id='word_1_288' title='bbox 2414 2850 2593 2918; x_wconf 90' lang='lat' dir='ltr'>inopis</span> 
     </span>
     <span class='ocr_line' id='line_1_32' title="bbox 194 2934 2591 3010; baseline -0.001 -17"><span class='ocrx_word' id='word_1_289' title='bbox 194 2938 314 2993; x_wconf 83' lang='lat' dir='ltr'>cod.</span> <span class='ocrx_word' id='word_1_290' title='bbox 341 2955 441 2992; x_wconf 85' lang='lat' dir='ltr'>rec.</span> <span class='ocrx_word' id='word_1_291' title='bbox 469 2946 517 2993; x_wconf 88' lang='lat' dir='ltr'>et</span> <span class='ocrx_word' id='word_1_292' title='bbox 554 2941 633 2993; x_wconf 85' lang='lat' dir='ltr'>ed.</span> <span class='ocrx_word' id='word_1_293' title='bbox 662 2942 948 3010; x_wconf 75' lang='lat' dir='ltr'>antiquiss.</span> <span class='ocrx_word' id='word_1_294' title='bbox 982 2942 990 3006; x_wconf 88' lang='grc' dir='ltr'>Ι</span> <span class='ocrx_word' id='word_1_295' title='bbox 1022 2940 1388 3009; x_wconf 85' lang='lat' dir='ltr'>quadraginta</span> <span class='ocrx_word' id='word_1_296' title='bbox 1415 2941 1691 2995; x_wconf 88' lang='lat' dir='ltr'>Pronnaei</span> <span class='ocrx_word' id='word_1_297' title='bbox 1727 2941 1853 2996; x_wconf 86' lang='lat' dir='ltr'>add.</span> <span class='ocrx_word' id='word_1_298' title='bbox 1882 2941 2118 3007; x_wconf 77' lang='lat' dir='ltr'>Madvig</span> <span class='ocrx_word' id='word_1_299' title='bbox 2145 2941 2270 2993; x_wconf 87' lang='lat' dir='ltr'>Em.</span> <span class='ocrx_word' id='word_1_300' title='bbox 2297 2934 2365 2993; x_wconf 88' lang='lat' dir='ltr'>L.</span> <span class='ocrx_word' id='word_1_301' title='bbox 2383 2956 2443 3007; x_wconf 92' lang='lat' dir='ltr'>p.</span> <span class='ocrx_word' id='word_1_302' title='bbox 2474 2942 2591 3004; x_wconf 78' lang='lat'>547,</span> 
     </span>
     <span class='ocr_line' id='line_1_33' title="bbox 193 3026 2593 3098; baseline 0 -20"><span class='ocrx_word' id='word_1_303' title='bbox 193 3026 269 3092; x_wconf 73' lang='lat' dir='ltr'>cf.</span> <span class='ocrx_word' id='word_1_304' title='bbox 301 3026 534 3094; x_wconf 88' lang='lat' dir='ltr'>Kiepert</span> <span class='ocrx_word' id='word_1_305' title='bbox 579 3028 672 3080; x_wconf 88' lang='lat' dir='ltr'>alt.</span> <span class='ocrx_word' id='word_1_306' title='bbox 708 3029 1010 3098; x_wconf 79' lang='lat' dir='ltr'>Geoyraph.</span> <span class='ocrx_word' id='word_1_307' title='bbox 1030 3047 1090 3097; x_wconf 88' lang='lat' dir='ltr'>p.</span> <span class='ocrx_word' id='word_1_308' title='bbox 1115 3033 1236 3082; x_wconf 79' lang='lat'>296.</span> <span class='ocrx_word' id='word_1_309' title='bbox 1270 3031 1278 3093; x_wconf 76' lang='grc' dir='ltr'>Ι</span> <span class='ocrx_word' id='word_1_310' title='bbox 1309 3032 1494 3081; x_wconf 89' lang='lat' dir='ltr'>autem</span> <span class='ocrx_word' id='word_1_311' title='bbox 1543 3031 1657 3083; x_wconf 84' lang='lat' dir='ltr'>cod.</span> <span class='ocrx_word' id='word_1_312' title='bbox 1686 3029 1772 3096; x_wconf 90' lang='grc' dir='ltr'>(Β)</span> <span class='ocrx_word' id='word_1_313' title='bbox 1805 3035 1852 3081; x_wconf 87' lang='lat' dir='ltr'>et</span> <span class='ocrx_word' id='word_1_314' title='bbox 1889 3030 1967 3081; x_wconf 84' lang='lat' dir='ltr'>ed.</span> <span class='ocrx_word' id='word_1_315' title='bbox 1995 3028 2299 3095; x_wconf 68' lang='lat' dir='ltr'>antiquiss„</span> <span class='ocrx_word' id='word_1_316' title='bbox 2337 3027 2593 3094; x_wconf 57' lang='lat' dir='ltr'>Mathia,-</span> 
     </span>
     <span class='ocr_line' id='line_1_34' title="bbox 193 3109 2594 3180; baseline 0.001 -18"><span class='ocrx_word' id='word_1_317' title='bbox 193 3109 460 3163; x_wconf 85' lang='lat' dir='ltr'>Nesiotae</span> <span class='ocrx_word' id='word_1_318' title='bbox 506 3114 587 3166; x_wconf 82' lang='lat' dir='ltr'>ed.</span> <span class='ocrx_word' id='word_1_319' title='bbox 624 3115 805 3168; x_wconf 83' lang='lat' dir='ltr'>Basil.</span> <span class='ocrx_word' id='word_1_320' title='bbox 839 3119 999 3180; x_wconf 88' lang='lat'>1535,</span> <span class='ocrx_word' id='word_1_321' title='bbox 1046 3113 1402 3167; x_wconf 89' lang='lat' dir='ltr'>Pronesiotae</span> <span class='ocrx_word' id='word_1_322' title='bbox 1449 3116 1777 3180; x_wconf 73' lang='lat' dir='ltr'>DouiatiuS,</span> <span class='ocrx_word' id='word_1_323' title='bbox 1822 3114 2056 3167; x_wconf 83' lang='lat' dir='ltr'>Pronaei</span> <span class='ocrx_word' id='word_1_324' title='bbox 2102 3114 2489 3167; x_wconf 71' lang='lat' dir='ltr'>Drakenborch</span> <span class='ocrx_word' id='word_1_325' title='bbox 2533 3114 2594 3164; x_wconf 88' lang='lat' dir='ltr'>in</span> 
     </span>
     <span class='ocr_line' id='line_1_35' title="bbox 196 3197 2603 3269; baseline 0.001 -19"><span class='ocrx_word' id='word_1_326' title='bbox 196 3197 347 3267; x_wconf 62' lang='lat' dir='ltr'>adn„</span> <span class='ocrx_word' id='word_1_327' title='bbox 385 3197 634 3252; x_wconf 85' lang='lat' dir='ltr'>Pronesii</span> <span class='ocrx_word' id='word_1_328' title='bbox 680 3200 891 3255; x_wconf 83' lang='lat' dir='ltr'>Crevier</span> <span class='ocrx_word' id='word_1_329' title='bbox 915 3201 1004 3268; x_wconf 81' lang='lat' dir='ltr'>(cf.</span> <span class='ocrx_word' id='word_1_330' title='bbox 1036 3202 1100 3255; x_wconf 84' lang='lat' dir='ltr'>de</span> <span class='ocrx_word' id='word_1_331' title='bbox 1135 3204 1185 3256; x_wconf 82' lang='lat' dir='ltr'>h.</span> <span class='ocrx_word' id='word_1_332' title='bbox 1214 3204 1245 3255; x_wconf 88' lang='lat' dir='ltr'>l.</span> <span class='ocrx_word' id='word_1_333' title='bbox 1273 3204 1435 3256; x_wconf 86' lang='lat' dir='ltr'>etiam</span> <span class='ocrx_word' id='word_1_334' title='bbox 1473 3204 1556 3256; x_wconf 85' lang='lat' dir='ltr'>M.</span> <span class='ocrx_word' id='word_1_335' title='bbox 1584 3204 1829 3269; x_wconf 80' lang='lat' dir='ltr'>Mueller,</span> <span class='ocrx_word' id='word_1_336' title='bbox 1856 3204 2039 3269; x_wconf 79' lang='lat' dir='ltr'>praef.</span> <span class='ocrx_word' id='word_1_337' title='bbox 2070 3208 2128 3269; x_wconf 87' lang='lat' dir='ltr'>p.</span> <span class='ocrx_word' id='word_1_338' title='bbox 2150 3202 2331 3269; x_wconf 86' lang='lat' dir='ltr'>XIII,</span> <span class='ocrx_word' id='word_1_339' title='bbox 2370 3200 2603 3267; x_wconf 79' lang='lat' dir='ltr'>Stumpf</span> 
     </span>
     <span class='ocr_line' id='line_1_36' title="bbox 194 3286 2594 3357; baseline 0 -20"><span class='ocrx_word' id='word_1_340' title='bbox 194 3301 329 3340; x_wconf 87' lang='lat' dir='ltr'>ann.</span> <span class='ocrx_word' id='word_1_341' title='bbox 363 3301 543 3354; x_wconf 75' lang='lat' dir='ltr'>qymn.</span> <span class='ocrx_word' id='word_1_342' title='bbox 582 3288 766 3342; x_wconf 87' lang='lat' dir='ltr'>bavar.</span> <span class='ocrx_word' id='word_1_343' title='bbox 794 3292 928 3340; x_wconf 85' lang='grc'><strong>1881</strong></span> <span class='ocrx_word' id='word_1_344' title='bbox 966 3305 1026 3356; x_wconf 88' lang='lat' dir='ltr'>p.</span> <span class='ocrx_word' id='word_1_345' title='bbox 1054 3290 1159 3355; x_wconf 89' lang='lat'>60).</span> <span class='ocrx_word' id='word_1_346' title='bbox 1193 3288 1200 3356; x_wconf 93' lang='grc' dir='ltr'>Ι</span> <span class='ocrx_word' id='word_1_347' title='bbox 1235 3292 1315 3344; x_wconf 84' lang='grc'>12.</span> <span class='ocrx_word' id='word_1_348' title='bbox 1354 3288 1538 3342; x_wconf 86' lang='lat' dir='ltr'>Cranii</span> <span class='ocrx_word' id='word_1_349' title='bbox 1583 3290 1872 3357; x_wconf 75' lang='lat' dir='ltr'>Siqonius;</span> <span class='ocrx_word' id='word_1_350' title='bbox 1915 3286 2186 3355; x_wconf 87' lang='lat' dir='ltr'>grannoni</span> <span class='ocrx_word' id='word_1_351' title='bbox 2221 3286 2306 3354; x_wconf 92' lang='lat' dir='ltr'>(B)</span> <span class='ocrx_word' id='word_1_352' title='bbox 2353 3288 2432 3350; x_wconf 82' lang='lat' dir='ltr'>vel</span> <span class='ocrx_word' id='word_1_353' title='bbox 2473 3301 2594 3354; x_wconf 88' lang='lat' dir='ltr'>gra-</span> 
     </span>
     <span class='ocr_line' id='line_1_37' title="bbox 192 3370 2590 3446; baseline 0.001 -24"><span class='ocrx_word' id='word_1_354' title='bbox 192 3370 326 3424; x_wconf 87' lang='lat' dir='ltr'>noni</span> <span class='ocrx_word' id='word_1_355' title='bbox 353 3372 512 3437; x_wconf 82' lang='lat' dir='ltr'>(Lov.</span> <span class='ocrx_word' id='word_1_356' title='bbox 537 3375 594 3440; x_wconf 78' lang='lat'>2)</span> <span class='ocrx_word' id='word_1_357' title='bbox 621 3376 735 3429; x_wconf 83' lang='lat' dir='ltr'>cod.</span> <span class='ocrx_word' id='word_1_358' title='bbox 762 3376 1029 3444; x_wconf 78' lang='lat' dir='ltr'>plerique,</span> <span class='ocrx_word' id='word_1_359' title='bbox 1063 3374 1324 3429; x_wconf 87' lang='lat' dir='ltr'>Granonii</span> <span class='ocrx_word' id='word_1_360' title='bbox 1361 3378 1440 3430; x_wconf 82' lang='lat' dir='ltr'>ed.</span> <span class='ocrx_word' id='word_1_361' title='bbox 1467 3377 1770 3443; x_wconf 61' lang='lat' dir='ltr'>antiquiss,</span> <span class='ocrx_word' id='word_1_362' title='bbox 1798 3372 2055 3427; x_wconf 88' lang='lat' dir='ltr'>Cranonii</span> <span class='ocrx_word' id='word_1_363' title='bbox 2091 3377 2166 3428; x_wconf 82' lang='lat' dir='ltr'>ed.</span> <span class='ocrx_word' id='word_1_364' title='bbox 2197 3376 2380 3428; x_wconf 88' lang='lat' dir='ltr'>Paris.</span> <span class='ocrx_word' id='word_1_365' title='bbox 2407 3378 2558 3428; x_wconf 79' lang='lat'>1529.</span> <span class='ocrx_word' id='word_1_366' title='bbox 2583 3375 2590 3446; x_wconf 83' lang='grc' dir='ltr'>Ι</span> 
     </span>
     <span class='ocr_line' id='line_1_38' title="bbox 198 3456 2592 3532; baseline 0.003 -23"><span class='ocrx_word' id='word_1_367' title='bbox 198 3456 247 3508; x_wconf 63' lang='grc'>81</span> <span class='ocrx_word' id='word_1_368' title='bbox 283 3458 453 3511; x_wconf 84' lang='lat' dir='ltr'>tamei</span> <span class='ocrx_word' id='word_1_369' title='bbox 488 3462 538 3514; x_wconf 80' lang='lat' dir='ltr'>h.</span> <span class='ocrx_word' id='word_1_370' title='bbox 568 3462 601 3514; x_wconf 89' lang='lat' dir='ltr'>l.</span> <span class='ocrx_word' id='word_1_371' title='bbox 628 3460 688 3528; x_wconf 87' lang='lat' dir='ltr'>B,</span> <span class='ocrx_word' id='word_1_372' title='bbox 725 3462 820 3516; x_wconf 82' lang='lat' dir='ltr'>sed</span> <span class='ocrx_word' id='word_1_373' title='bbox 855 3463 990 3530; x_wconf 83' lang='lat' dir='ltr'>infr.</span> <span class='ocrx_word' id='word_1_374' title='bbox 1016 3461 1055 3532; x_wconf 60' lang='grc' dir='ltr'>,ξ</span> <span class='ocrx_word' id='word_1_375' title='bbox 1083 3466 1117 3515; x_wconf 84' lang='grc'><strong><em>7</em></strong></span> <span class='ocrx_word' id='word_1_376' title='bbox 1153 3462 1336 3515; x_wconf 87' lang='lat' dir='ltr'>samei.</span> <span class='ocrx_word' id='word_1_377' title='bbox 1372 3466 1379 3528; x_wconf 84' lang='grc' dir='ltr'>Ι</span> <span class='ocrx_word' id='word_1_378' title='bbox 1411 3461 1682 3515; x_wconf 88' lang='lat' dir='ltr'>dederunt</span> <span class='ocrx_word' id='word_1_379' title='bbox 1718 3479 1821 3516; x_wconf 84' lang='lat' dir='ltr'>om.</span> <span class='ocrx_word' id='word_1_380' title='bbox 1856 3461 1916 3513; x_wconf 90' lang='lat' dir='ltr'>B.</span> <span class='ocrx_word' id='word_1_381' title='bbox 1950 3464 1958 3526; x_wconf 89' lang='grc'>1</span> <span class='ocrx_word' id='word_1_382' title='bbox 1993 3464 2072 3516; x_wconf 90' lang='grc'>16.</span> <span class='ocrx_word' id='word_1_383' title='bbox 2109 3462 2355 3529; x_wconf 89' lang='lat' dir='ltr'>quietum</span> <span class='ocrx_word' id='word_1_384' title='bbox 2391 3462 2592 3516; x_wconf 83' lang='lat' dir='ltr'>excita-</span> 
     </span>
     <span class='ocr_line' id='line_1_39' title="bbox 194 3546 2589 3618; baseline 0.003 -21"><span class='ocrx_word' id='word_1_385' title='bbox 194 3546 380 3599; x_wconf 85' lang='lat' dir='ltr'>verint</span> <span class='ocrx_word' id='word_1_386' title='bbox 415 3547 616 3600; x_wconf 88' lang='lat' dir='ltr'>malum</span> <span class='ocrx_word' id='word_1_387' title='bbox 654 3549 733 3601; x_wconf 87' lang='lat' dir='ltr'>ed.</span> <span class='ocrx_word' id='word_1_388' title='bbox 769 3551 1056 3618; x_wconf 84' lang='lat' dir='ltr'>antiquiss.</span> <span class='ocrx_word' id='word_1_389' title='bbox 1066 3571 1085 3617; x_wconf 90' lang='lat'><em>;</em></span> <span class='ocrx_word' id='word_1_390' title='bbox 1130 3547 1373 3617; x_wconf 80' lang='lat' dir='ltr'>quietum</span> <span class='ocrx_word' id='word_1_391' title='bbox 1410 3548 1794 3602; x_wconf 87' lang='lat' dir='ltr'>excitauerunt</span> <span class='ocrx_word' id='word_1_392' title='bbox 1828 3546 2031 3601; x_wconf 91' lang='lat' dir='ltr'>malum</span> <span class='ocrx_word' id='word_1_393' title='bbox 2070 3550 2183 3603; x_wconf 83' lang='lat' dir='ltr'>cod.</span> <span class='ocrx_word' id='word_1_394' title='bbox 2212 3551 2451 3618; x_wconf 80' lang='lat' dir='ltr'>plerique</span> <span class='ocrx_word' id='word_1_395' title='bbox 2487 3549 2589 3618; x_wconf 89' lang='lat' dir='ltr'>(B),</span> 
     </span>
     <span class='ocr_line' id='line_1_40' title="bbox 193 3634 2591 3703; baseline 0.002 -18"><span class='ocrx_word' id='word_1_396' title='bbox 193 3648 386 3687; x_wconf 86' lang='lat' dir='ltr'>verum</span> <span class='ocrx_word' id='word_1_397' title='bbox 434 3634 795 3687; x_wconf 82' lang='lat' dir='ltr'>excitaverint</span> <span class='ocrx_word' id='word_1_398' title='bbox 839 3635 1043 3688; x_wconf 88' lang='lat' dir='ltr'>malum</span> <span class='ocrx_word' id='word_1_399' title='bbox 1094 3639 1230 3692; x_wconf 85' lang='lat' dir='ltr'>coni.</span> <span class='ocrx_word' id='word_1_400' title='bbox 1269 3638 1511 3698; x_wconf 88' lang='lat' dir='ltr'>Harant,</span> <span class='ocrx_word' id='word_1_401' title='bbox 1550 3635 1790 3703; x_wconf 88' lang='lat' dir='ltr'>quietem</span> <span class='ocrx_word' id='word_1_402' title='bbox 1846 3634 2097 3687; x_wconf 89' lang='lat' dir='ltr'>exuerint</span> <span class='ocrx_word' id='word_1_403' title='bbox 2141 3637 2218 3689; x_wconf 84' lang='lat' dir='ltr'>ed.</span> <span class='ocrx_word' id='word_1_404' title='bbox 2246 3638 2425 3691; x_wconf 78' lang='lat' dir='ltr'>Basil.</span> <span class='ocrx_word' id='word_1_405' title='bbox 2452 3640 2591 3690; x_wconf 84' lang='lat'>1535</span> 
     </span>
     <span class='ocr_line' id='line_1_41' title="bbox 196 3711 2585 3792; baseline 0.002 -20"><span class='ocrx_word' id='word_1_406' title='bbox 196 3722 457 3787; x_wconf 71' lang='lat' dir='ltr'>(quietem</span> <span class='ocrx_word' id='word_1_407' title='bbox 497 3726 768 3774; x_wconf 87' lang='lat' dir='ltr'>exuerunt</span> <span class='ocrx_word' id='word_1_408' title='bbox 797 3724 1014 3789; x_wconf 79' lang='lat' dir='ltr'>Gelen.).</span> <span class='ocrx_word' id='word_1_409' title='bbox 1039 3726 1056 3791; x_wconf 77' lang='grc' dir='ltr'>.Ι</span> <span class='ocrx_word' id='word_1_410' title='bbox 1094 3728 1171 3779; x_wconf 89' lang='grc'>17.</span> <span class='ocrx_word' id='word_1_411' title='bbox 1210 3711 1445 3776; x_wconf 86' lang='lat' dir='ltr'>iactatos</span> <span class='ocrx_word' id='word_1_412' title='bbox 1474 3723 1533 3775; x_wconf 88' lang='lat' dir='ltr'>B.</span> <span class='ocrx_word' id='word_1_413' title='bbox 1569 3728 1575 3789; x_wconf 85' lang='grc' dir='ltr'>Ι</span> <span class='ocrx_word' id='word_1_414' title='bbox 1607 3726 1746 3792; x_wconf 84' lang='lat' dir='ltr'>aput</span> <span class='ocrx_word' id='word_1_415' title='bbox 1769 3724 1831 3776; x_wconf 94' lang='lat' dir='ltr'>B.</span> <span class='ocrx_word' id='word_1_416' title='bbox 1867 3727 1873 3788; x_wconf 86' lang='grc' dir='ltr'>Ι</span> <span class='ocrx_word' id='word_1_417' title='bbox 1907 3727 1988 3779; x_wconf 85' lang='grc'>21.</span> <span class='ocrx_word' id='word_1_418' title='bbox 2027 3723 2323 3777; x_wconf 81' lang='lat' dir='ltr'>voluerunt</span> <span class='ocrx_word' id='word_1_419' title='bbox 2357 3742 2458 3778; x_wconf 85' lang='lat' dir='ltr'>om.</span> <span class='ocrx_word' id='word_1_420' title='bbox 2488 3724 2548 3777; x_wconf 92' lang='lat' dir='ltr'>B.</span> <span class='ocrx_word' id='word_1_421' title='bbox 2579 3721 2585 3791; x_wconf 89' lang='grc' dir='ltr'>Ι</span> 
     </span>
    </p>
   </div>
  </div>
 </body>
</html>
