2925 4278
596 145 821 198 LIBER
857 145 1185 200 xxxvm.
1225 144 1614 202 OAP.16.17.
1652 146 1718 214 [a.
1746 146 1811 201 U.
1837 162 1884 200 ο.
1911 148 2054 216 565].
2398 130 2515 193 137

122 321 235 384 bos
280 318 527 383 adimit.
618 320 699 384 iis
744 319 901 385 alios
945 325 1135 402 atque
1180 320 1337 384 alios
1382 319 1522 384 dies
1553 326 1899 402 noctesque
1930 319 2322 386 travehendo
2353 320 2520 384 intra

120 426 361 491 paucos
409 406 546 471 dies
592 426 813 472 omnes
860 407 1075 490 copias
1107 407 1372 470 traiecit.
1453 406 1626 470 haud
1672 407 1763 471 ita
1807 408 2002 471 multo
2035 414 2177 492 post
2207 408 2519 473 Lonorius
2593 413 2623 460 7

120 493 470 558 adiuvante
517 493 885 574 Nicomede,
933 493 1278 575 Bithyniae
1322 513 1496 575 rege,
1543 513 1585 557 a
1629 493 1941 576 Byzantio
1982 494 2347 558 transmisit.
2425 514 2521 558 co·
2592 502 2624 550 8

121 586 275 645 eunt
323 578 557 643 deinde
602 579 667 643 in
715 600 908 643 unum
955 599 1168 644 rursus
1214 579 1379 643 Galli
1425 586 1490 643 et
1534 580 1775 643 auxilia
1818 580 2151 644 Nicomedi
2212 579 2370 646 dant
2412 579 2521 644 ad-

59 686 85 730 5
119 686 346 732 versus
412 667 763 745 Ziboetam,
826 671 1149 731 tenentem
1209 672 1456 749 partem
1515 666 1877 750 Bithyniae,
1947 667 2195 750 gerenti
2262 667 2516 732 bellum.

117 762 314 835 atque
376 772 593 817 eorum
639 752 916 816 maxime
975 772 1168 835 opera
1231 751 1522 817 devictus
1581 753 1848 817 Ziboeta
1907 760 2021 833 est,
2082 753 2519 835 Bithyniaque
2594 763 2624 810 9

118 840 328 904 omnis
387 839 454 902 in
514 837 831 904 dicionem
891 838 1257 903 Nicomedis
1317 840 1646 904 concessit.
1738 840 2007 923 profecti
2069 860 2151 904 ex
2211 839 2521 921 Bithynia

119 928 181 990 in
232 925 455 991 Asiam
501 928 962 1008 processerunt.
1055 946 1180 989 non
1242 925 1385 1009 plus
1446 945 1530 989 ex
1591 926 1822 1008 viginti
1885 927 2141 991 milibus
2195 926 2522 992 hominum

118 1033 314 1094 quam
375 1011 598 1075 decem
666 1019 910 1076 armata
978 1018 1174 1076 erant.
1268 1019 1484 1076 tamen
1561 1019 1804 1076 tantum
1874 1013 2128 1077 terroris
2207 1014 2519 1092 omnibus,
2562 1024 2626 1071 10

35 1118 84 1164 10
118 1119 289 1182 quae
339 1098 432 1162 cis
476 1098 756 1162 Taurum
802 1098 1103 1177 incolunt,
1151 1099 1449 1181 gentibus
1496 1099 1867 1179 iniecerunt,
1915 1105 1984 1162 ut
2031 1119 2189 1180 quas
2235 1099 2521 1165 adissent

117 1204 412 1267 quasque
457 1204 584 1249 non
629 1183 935 1264 adissent,
983 1185 1219 1268 pariter
1264 1185 1526 1250 ultimae
1581 1186 1972 1269 propinquis,
2028 1186 2292 1269 imperio
2346 1205 2521 1269 pare-

116 1278 283 1338 rent.
378 1277 697 1354 postremo
767 1291 910 1335 cum
979 1277 1107 1336 tres
1176 1279 1390 1337 essent
1456 1279 1702 1354 gentes,
1770 1272 2203 1354 Tolostobogii
2269 1273 2521 1336 Trocmi
2562 1283 2622 1330 11

115 1361 530 1441 Tectosages,
577 1358 644 1421 in
689 1364 819 1422 tres
864 1364 1097 1442 partes,
1148 1377 1274 1439 qua
1319 1357 1549 1439 cuique
1593 1359 1967 1441 populorum
2023 1377 2277 1423 suorum
2331 1358 2523 1432 vecti-

116 1446 285 1530 galis
331 1444 489 1508 Asia
535 1450 722 1524 esset,
771 1443 1140 1508 diviserunt.
1233 1444 1518 1509 Trocmis
1564 1445 1959 1528 Hellesponti
2005 1465 2115 1509 ora
2161 1444 2344 1528 data3
2406 1445 2522 1508 To·
2563 1456 2628 1503 12

35 1552 83 1598 15
116 1531 461 1615 lostobogii
508 1530 774 1595 Aeolida
817 1536 1010 1612 atque
1056 1531 1321 1611 Ioniam,
1368 1531 1756 1614 Tectosages
1818 1531 2285 1596 mediterranea
2330 1531 2523 1596 Asiae

120 1618 329 1684 sortiti
395 1623 559 1681 sunt.
653 1622 716 1681 et
784 1617 1170 1701 stipendium
1231 1623 1365 1683 tota
1426 1618 1517 1681 cis
1576 1619 1856 1682 Taurum
1919 1619 2075 1682 Asia
2157 1618 2522 1701 exigebant,

119 1704 343 1770 sedem
404 1711 621 1768 autem
681 1704 803 1787 ipsi
864 1704 984 1768 sibi
1046 1704 1212 1768 circa
1273 1704 1486 1786 Halyn
1548 1703 1786 1769 flumen
1848 1724 2090 1788 cepere.
2184 1710 2526 1787 tantusque
2565 1715 2628 1762 13

119 1800 323 1857 terror
369 1810 585 1855 eorum
632 1790 904 1854 nominis
935 1797 1089 1870 erat,
1123 1789 1527 1855 multitudine
1560 1792 1750 1855 etiam
1783 1812 2021 1874 magna
2051 1791 2272 1857 subole
2316 1798 2523 1871 aucta,

120 1887 191 1943 ut
236 1877 470 1961 Syriae
517 1896 768 1958 quoque
810 1876 895 1940 ad
940 1885 1327 1960 postremum
1373 1898 1558 1960 reges
1605 1877 1992 1961 stipendium
2046 1877 2201 1942 dare
2246 1898 2373 1941 non
2418 1877 2527 1941 ab-

33 1984 89 2032 20
122 1968 417 2029 nuerent.
509 1963 752 2046 primus
797 1963 1016 2027 Asiam
1063 1964 1473 2029 incolentium
1519 1964 1743 2028 abnuit
1787 1965 2057 2046 Attalus,
2121 1969 2302 2048 pater
2355 1964 2526 2047 regis
2569 1975 2630 2022 14

119 2050 474 2134 Eumenis;
548 2049 901 2131 audacique
947 2050 1202 2134 incepto
1263 2057 1516 2133 praeter
1575 2051 1939 2134 opinionem
2000 2051 2280 2116 omnium
2343 2050 2525 2114 affuit

131 2138 412 2219 fortuna,
462 2143 524 2201 et
571 2136 770 2220 signis
817 2137 1059 2203 collatis
1103 2138 1388 2221 superior
1433 2137 1572 2202 fuit.
1665 2159 1792 2222 non
1855 2144 2068 2203 tamen
2128 2138 2219 2202 ita
2265 2136 2526 2220 infregit

120 2227 372 2291 animos
418 2243 654 2305 eorum,
710 2230 779 2287 ut
831 2224 1214 2289 absisterent
1276 2224 1560 2307 imperio.
1654 2224 1920 2289 eaedem
1980 2244 2134 2307 opes
2180 2244 2380 2305 usque
2439 2223 2524 2287 ad
2565 2235 2628 2282 15

119 2312 363 2377 bellum
422 2310 721 2374 Antiochi
782 2330 927 2374 cum
987 2312 1294 2375 Romanis
1354 2316 1740 2375 manserunt.
1836 2317 1969 2374 tum
2025 2330 2296 2391 quoque,
2342 2310 2526 2393 pulso

32 2419 84 2466 25
122 2397 463 2477 Antiocho,
511 2417 811 2479 magnam
858 2416 1040 2480 spem
1087 2397 1465 2476 habuerunt,
1515 2397 1663 2477 quia
1709 2398 1923 2479 procul
1968 2396 2127 2460 mari
2158 2395 2524 2476 incolerent,

119 2488 485 2550 Romanum
532 2483 884 2547 exercitum
931 2482 1015 2546 ad
1063 2502 1132 2547 se
1179 2503 1305 2546 non
1351 2488 1822 2566 perventurum.

334 2570 544 2634 XVII.
594 2571 753 2634 Cum
798 2569 922 2635 hoc
969 2569 1170 2650 hoste,
1220 2576 1351 2633 tam
1394 2569 1659 2632 terribili
1706 2569 1999 2634 omnibus
2041 2568 2321 2651 regionis
2367 2567 2522 2648 eius,
2602 2580 2626 2625 1

119 2658 279 2741 quia
323 2656 559 2721 bellum
603 2656 954 2739 gerendum
1001 2663 1156 2736 erat,
1218 2676 1331 2740 pro
1396 2656 1690 2720 contione
1751 2654 1983 2720 milites
2042 2655 2110 2719 in
2170 2654 2342 2719 hunc
2400 2674 2526 2717 ma·

121 2745 302 2809 xime
348 2741 605 2807 modum
651 2742 963 2808 allocutus
1010 2748 1106 2808 est
1167 2742 1402 2807 consul.
1503 2763 1668 2826 „non
1728 2761 1832 2805 me
1890 2741 2210 2825 praeterit,
2271 2741 2524 2821 militeS‚
2598 2752 2629 2799 2

342 2938 387 2990 1.
434 2914 826 3001 dies⁶noefeq3
881 2932 1158 3003 trahendo„
1197 2934 1259 2986 B.
1293 2935 1302 2997 Ι
1334 2936 1382 2987 2.
1431 2933 1607 2986 omnis
1653 2932 1716 2985 B.
1750 2934 1757 2998 Ι
1798 2931 1984 2984 traicit
2024 2934 2400 2988 Weissenborn
2446 2934 2526 2986 ed.

130 3024 383 3090 Weidm.,
421 3023 502 3075 M.
529 3022 777 3076 Mueller.
811 3027 818 3084 Ι
849 3021 1024 3073 multo
1066 3039 1168 3076 om.
1194 3020 1276 3073 B‘?
1309 3024 1315 3083 1
1349 3020 1658 3074 Lonnorius
1694 3019 1756 3074 B.
1790 3023 1798 3086 Ι
1830 3024 1879 3076 5.
1917 3019 2199 3073 Ziboetam
2236 3021 2343 3089 M?,
2381 3022 2428 3075 I.
2458 3021 2525 3074 F.

125 3111 474 3176 Gronovius;
509 3105 706 3163 ziboea
742 3108 804 3160 B.
839 3109 846 3173 Ι
880 3110 928 3168 6.
966 3105 1229 3160 zaboetes
1269 3112 1354 3160 est
1390 3107 1452 3160 B.
1486 3109 1494 3173 Ι
1528 3110 1574 3162 7.
1613 3106 1888 3161 concessit
1923 3106 1996 3174 M,
2033 3109 2241 3174 Aldus;
2289 3106 2529 3160 decessit

119 3199 220 3252 rel.
249 3197 366 3251 cod.
392 3195 480 3262 (B)
507 3202 556 3250 et
592 3196 672 3249 ed.
690 3197 868 3264 prior.
903 3196 911 3261 Ι
943 3199 991 3251 8.
1030 3209 1136 3247 non
1176 3193 1302 3261 plus
1340 3210 1409 3247 ex
1444 3193 1644 3261 uiginti
1681 3192 1905 3246 milibus
1942 3209 2108 3261 quam
2145 3193 2336 3246 decem
2359 3193 2528 3246 homi-

122 3300 261 3339 num
305 3281 457 3335 milia
493 3281 546 3335 M
582 3287 709 3336 teste
745 3282 918 3348 Mod„
958 3296 1068 3333 non
1113 3280 1240 3347 plus
1287 3296 1352 3334 ex
1401 3280 1601 3349 uiginti
1637 3279 1859 3334 milibus
1895 3280 2177 3333 hominum
2221 3295 2388 3348 quam
2433 3279 2528 3333 de-

122 3386 250 3424 cem
285 3368 436 3421 milia
471 3366 750 3420 hominum
786 3367 841 3420 M
879 3375 990 3422 test.
1018 3369 1269 3436 Moywnt.
1303 3369 1311 3433 Ι
1347 3370 1426 3422 12.
1465 3366 1826 3435 tolostobogii
1863 3374 2000 3422 recte
2034 3370 2086 3421 h.
2112 3369 2146 3421 l.
2172 3367 2234 3419 B.
2268 3370 2276 3433 Ι
2312 3370 2391 3422 13.
2429 3366 2529 3420 tris

124 3456 303 3525 partis
338 3455 403 3508 B.
437 3458 445 3521 1
482 3456 562 3510 14.
599 3453 736 3507 hora
770 3455 831 3507 B.
866 3457 873 3520 Ι
910 3458 990 3510 15.
1028 3453 1175 3507 ionia
1211 3455 1273 3507 B.
1306 3457 1314 3518 Ι
1349 3457 1429 3509 17.
1468 3453 1620 3506 halin
1648 3454 1709 3507 B.
1743 3455 1751 3519 Ι
1783 3468 1980 3521 cepere
2003 3453 2076 3520 B3
2114 3458 2377 3521 ceperunt
2413 3455 2526 3511 eod.

122 3561 230 3599 rec.
262 3549 312 3597 et
357 3542 437 3596 ecl.
466 3548 563 3596 vet.
597 3544 604 3606 Ι
637 3543 718 3596 22.
757 3539 982 3594 fortuna
1026 3540 1173 3594 unde
1220 3546 1276 3592 et
1311 3540 1381 3608 M,
1420 3539 1698 3594 fortunam
1736 3545 1792 3592 et
1828 3542 1992 3595 Harl.
2020 3531 2034 3602 Ι
2067 3544 2151 3596 23.
2188 3548 2253 3593 ut
2289 3539 2528 3595 abstine-

125 3628 362 3698 rent-M,
408 3630 544 3684 Lov.
578 3633 629 3697 6,
665 3629 745 3683 ed.
789 3628 994 3697 Camp„
1031 3629 1190 3683 Rom.
1225 3632 1382 3695 1472,
1426 3628 1615 3681 Parm.
1650 3631 1804 3682 1480.
1838 3630 1846 3695 Ι
1877 3627 2019 3681 aede
2071 3627 2379 3695 ophesusq3
2424 3627 2487 3680 B.
2518 3626 2524 3696 Ι

125 3720 211 3771 26.
253 3715 329 3768 ad
371 3729 432 3768 se
475 3730 586 3768 non
631 3714 745 3771 cod.
773 3733 871 3770 rec.
901 3721 950 3769 et
974 3716 1053 3769 ed.
1074 3721 1202 3781 vet.;
1237 3713 1309 3766 ad
1346 3714 1543 3767 senatu
1578 3713 1643 3782 B,
1681 3716 1752 3781 cf.
1783 3714 1850 3768 G.
1876 3716 2125 3769 Heraeus
2169 3714 2382 3784 Quaest.
2409 3715 2528 3769 crit.

127 3805 254 3858 Liv.
286 3820 347 3871 p.
374 3806 457 3856 44.
492 3803 500 3864 Ι
531 3804 618 3856 27.
654 3816 778 3853 eum
816 3800 921 3854 hoc
959 3801 1065 3853 iam
1102 3799 1263 3853 hoste
1301 3800 1369 3853 M.
1404 3800 1413 3865 1
