2925 4278
579 149 805 204 LIBER
841 149 1171 204 XXXVIII.
1209 148 1376 202 CAP.
1404 152 1451 204 5.
1480 151 1530 204 6.
1572 148 1638 216 [a.
1667 149 1734 204 U.
1761 163 1805 200 c.
1832 149 1976 218 565}
2343 131 2466 194 125

71 323 329 408 gravius
373 322 516 405 fuit,
564 325 715 407 quia
761 326 935 398 nulla
976 326 1059 389 ab
1109 324 1420 389 exteriore
1466 330 1647 408 parte
1707 324 1807 388 vis
1868 322 2126 387 admota
2173 330 2288 404 est,
2352 343 2463 388 seu
2506 332 2568 379 10

71 418 242 474 metu
288 409 591 475 deterrito
644 419 932 494 praetore
993 412 1380 492 Aetolorum,
1444 431 1557 475 seu
1616 410 1767 492 quia
1827 409 2036 494 potius
2098 410 2306 475 visum
2368 416 2465 474 est

72 496 511 581 Amphilochis
555 517 759 581 nuper
801 498 1074 581 receptis
1130 498 1295 562 ferre
1350 516 1554 580 opem,
1619 516 1776 579 quos
1836 498 2125 578 Perseus,
2186 496 2463 580 Philippi

70 583 253 663 filius,
303 583 537 648 missus
580 585 665 647 ad
710 585 1045 669 Dolopiam
1090 582 1682 668 Amphilochosque
1734 582 2153 667 recipiendos,
2215 602 2461 648 summa

13 681 38 728 5
70 670 134 734 vi
176 671 613 753 oppugnabat.
706 671 813 734 VI.
860 672 1091 735 Tribus
1134 672 1308 751 lociS,
1356 670 1521 735 sicut
1564 676 1715 734 ante
1760 669 1997 734 dictum
2046 676 2159 750 est,
2193 669 2277 733 ad
2308 669 2461 752 Pyr-

69 756 291 820 rheum
339 775 533 839 opera
576 757 865 820 Romana
909 763 1108 837 erant,
1156 777 1317 838 quae
1350 756 1565 820 omnia
1595 756 1800 837 simul,
1849 756 1965 821 sed
1995 776 2115 821 nec
2153 762 2461 839 apparatu

71 862 187 907 nec
231 843 300 907 vi
348 842 558 922 simili,
603 842 812 907 Aetoli
857 844 1146 927 aggressi
1193 849 1372 908 sunt·
1359 891 1373 906 .
1420 842 1530 906 alii
1577 862 1720 906 cum
1764 842 2138 908 ardentibus
2195 842 2461 922 facibus,

69 928 174 993 alii
222 935 524 1012 stuppam
569 929 899 1012 picemque
945 935 1009 993 et
1038 930 1362 995 malleolos
1393 929 1690 1010 ferentes,
1723 935 1857 993 tota
1900 930 2248 994 collucente
2292 927 2465 992 flam-

69 1015 187 1080 mis
231 1015 396 1095 acie,
444 1014 778 1080 advenere.
854 1017 1082 1080 multos
1126 1017 1327 1100 primo
1374 1016 1616 1116 impetu
1648 981 1939 1080 custodes
1985 1020 2462 1099 oppresserunt;

14 1114 40 1162 o
69 1102 237 1182 dein,
287 1108 623 1185 postquam
672 1102 906 1167 clamor
950 1103 1377 1184 tumultusque
1422 1103 1492 1166 in
1539 1108 1747 1166 castra
1786 1108 1883 1166 est
1912 1103 2192 1186 perlatus
2223 1100 2463 1164 datum-

72 1209 189 1271 que
235 1208 278 1252 a
326 1189 582 1252 consule
628 1188 900 1271 signum,
947 1209 1126 1253 arma
1172 1190 1429 1273 capiunt
1477 1195 1539 1252 et
1569 1189 1861 1253 omnibus
1908 1189 2105 1271 portis
2149 1186 2233 1251 ad
2279 1207 2462 1270 opem

69 1274 402 1340 ferendam
449 1273 872 1339 effunduntur.
966 1276 1131 1340 ferro
1178 1276 1438 1359 ignique
1486 1281 1667 1356 gesta
1711 1294 1847 1358 res3
1894 1275 1975 1338 ab
2026 1274 2272 1339 duobus
2306 1274 2462 1335 locis

71 1362 240 1425 irrito
290 1362 564 1445 incepto,
612 1382 754 1425 cum
799 1367 1218 1445 temptassent
1278 1362 1484 1445 magis
1546 1381 1737 1443 quam
1797 1361 2065 1425 inissent
2122 1367 2461 1439 certamen,

68 1447 279 1513 Aetoli
325 1448 806 1531 abscesserunt3
875 1455 1059 1512 atrox
1126 1469 1345 1532 pugna
1404 1449 1468 1511 in
1532 1466 1728 1511 unum
1774 1447 2192 1511 inclinaverat
2234 1448 2459 1513 locum.

15 1540 42 1593 ’ὅ
73 1535 156 1599 ibi
206 1533 481 1598 diversis
542 1534 830 1617 partibus
897 1533 1023 1599 duo
1090 1534 1285 1599 duces
1344 1534 1729 1618 Eupolemus
1797 1540 1860 1598 et
1904 1534 2292 1598 Nicodamus
2353 1553 2465 1616 pu-

71 1627 343 1705 gnantes
402 1619 817 1685 hortabantur
878 1627 940 1685 et
1001 1628 1238 1686 certam
1298 1621 1739 1705 proponebant
1809 1641 2015 1704 spem,
2062 1621 2189 1684 iam
2235 1620 2464 1685 Nican-

73 1708 253 1772 drum
302 1727 385 1771 ex
432 1707 776 1790 composito
821 1707 1040 1772 adfore
1088 1714 1152 1771 et
1196 1714 1375 1791 terga
1420 1707 1694 1772 hostium
1739 1707 2124 1772 invasurum.
2175 1707 2335 1772 haec
2363 1726 2465 1771 res

74 1791 464 1876 aliquamdiu
507 1793 756 1857 animos
800 1794 1218 1877 pugnantium
1252 1794 1582 1876 sustinuit,
1632 1800 1926 1870 ceterum,
1960 1800 2294 1877 postquam
2335 1794 2466 1856 nul-

76 1881 201 1945 lum
247 1901 333 1945 ex
383 1880 730 1963 composito
776 1881 1029 1962 signum
1074 1901 1114 1943 a
1159 1881 1289 1945 suis
1332 1880 1735 1964 accipiebant
1789 1886 1853 1944 et
1912 1900 2193 1945 crescere
2254 1899 2466 1945 nume-

14 1974 46 2025 Ιυ
79 1988 213 2031 rum
259 1966 538 2030 hostium
584 1965 948 2047 cernebant,
1011 1966 1298 2032 destituti
1360 1967 1622 2050 segnius
1679 1967 1951 2049 instare;
2020 1974 2337 2050 postremo
2395 1985 2465 2029 re

75 2054 311 2119 omissa
355 2052 485 2116 iam
529 2053 643 2116 vix
688 2058 824 2118 tuto
877 2059 1136 2137 receptu
1195 2052 1518 2137 fugientes
1576 2053 1643 2116 in
1705 2054 1927 2117 urbem
1989 2053 2463 2137 compelluntur,

75 2147 249 2223 parte
297 2160 561 2224 operum
605 2139 869 2205 incensa
923 2147 986 2205 et
1040 2141 1324 2223 pluribus
1377 2142 1718 2221 aliquantO,
1765 2160 1955 2221 quam
2016 2139 2097 2201 ab
2160 2139 2316 2224 ipsis
2372 2158 2466 2203 ce-

77 2226 379 2307 ciderant,
424 2225 794 2291 interfectis.
887 2226 1109 2326 quodsi
1158 2246 1240 2291 ex
1288 2226 1633 2310 composito
1679 2233 1824 2290 acta
1870 2246 1971 2290 res
2002 2223 2245 2306 fuisset,
2294 2224 2466 2288 haud

77 2312 336 2378 dubium
384 2319 520 2377 erat
566 2314 924 2396 expugnari
969 2332 1098 2376 una
1143 2313 1359 2394 utique
1391 2319 1572 2412 parte
1602 2332 1798 2412 opera
1829 2332 1971 2376 cum
2004 2332 2240 2395 magna
2270 2310 2466 2375 caede

16 2407 45 2456 5
75 2398 347 2465 hostium
391 2398 691 2483 potuisse.
783 2399 1274 2464 Ambracienses
1322 2399 1557 2480 quique
1603 2399 1773 2462 intus
1830 2404 2009 2462 erant
2060 2398 2271 2462 Aetoli
2330 2417 2459 2461 non

75 2487 149 2551 ab
197 2487 339 2551 eius
385 2485 586 2549 solum
632 2486 834 2550 noctis
879 2485 1131 2569 incepto
1175 2504 1516 2564 recessere,
1579 2484 1693 2549 sed
1739 2484 1804 2547 in
1850 2485 2160 2566 reliquum
2218 2502 2466 2565 quoque

76 2579 323 2657 tempus
370 2573 544 2635 velut
589 2571 819 2655 proditi
865 2573 947 2636 ab
996 2572 1124 2636 suis
1170 2571 1498 2654 segniores
1557 2569 1640 2634 ad
1696 2571 1978 2655 pericula
2043 2576 2241 2634 erant.
2334 2571 2463 2633 iam

76 2678 258 2723 nemo
305 2658 763 2742 eruptionibus,
826 2665 896 2722 ut
954 2664 1123 2739 ante,
1186 2658 1254 2721 in
1300 2657 1607 2722 stationes
1667 2656 1962 2737 hostium,
2010 2656 2125 2722 sed
2170 2656 2462 2741 dispositi

74 2764 180 2828 per
225 2764 439 2808 muros
485 2750 549 2809 et
593 2750 794 2809 turres
839 2764 921 2807 ex
967 2750 1103 2810 tuto
1148 2745 1542 2828 pugnabant

275 3024 326 3077 2.
366 3025 454 3074 est
489 3039 589 3076 om.
616 3021 679 3073 B.
714 3024 720 3084 Ι
754 3022 800 3075 3.
841 3018 1163 3087 amphilocis
1187 3020 1251 3073 B.
1284 3020 1292 3085 Ι
1322 3022 1372 3074 4.
1413 3018 1818 3087 amphilocosq3
1854 3018 1916 3073 B.
1951 3020 1958 3084 Ι
1990 3018 2337 3087 recipiendos
2362 3036 2463 3072 om.

74 3106 129 3160 B.
159 3112 169 3174 Ι
199 3111 252 3164 9.
288 3107 500 3176 impetu
537 3126 639 3162 om.
666 3106 729 3160 B.
763 3110 771 3173 Ι
806 3109 885 3162 12.
924 3106 1295 3159 effunduntur.
1333 3105 1480 3159 ferro
1517 3106 1742 3174 ignique
1778 3104 1842 3173 B,
1880 3108 1950 3173 ef.
1978 3107 2209 3174 Madviq
2242 3106 2369 3158 Em.
2395 3103 2465 3162 L.

71 3212 121 3262 p.
139 3199 260 3263 540,
296 3195 377 3248 H.
397 3196 445 3248 Ι.
464 3195 700 3249 Mueller
734 3211 864 3247 ann.
890 3194 1071 3247 Berol.
1098 3197 1231 3246 1891
1263 3211 1324 3262 p.
1345 3198 1476 3261 169;
1511 3191 1885 3245 effunduntur.
1922 3207 2033 3244 nno
2069 3191 2125 3244 in
2162 3191 2284 3244 loco
2320 3188 2467 3243 ferro

74 3280 295 3350 ignique
335 3282 449 3337 cod.
473 3299 596 3350 ree„
633 3279 992 3334 effunduntur
1027 3279 1283 3332 Romani.
1329 3278 1403 3332 ad
1439 3279 1624 3332 omnia
1660 3294 1827 3346 opera
1862 3276 2007 3331 ferro
2044 3277 2273 3345 ignique
2309 3277 2465 3330 dubi-

73 3374 247 3422 tanter
270 3369 352 3422 M.
377 3369 612 3423 Mueller
637 3369 820 3436 praef.
838 3385 900 3436 p.
924 3368 1030 3421 XI.
1066 3371 1074 3431 Ι
1106 3364 1178 3419 ab
1217 3365 1439 3419 duobus
1477 3365 1615 3419 locis
1640 3367 1718 3420 H.
1744 3367 1792 3419 Ι.
1817 3366 2051 3420 Mueller
2077 3367 2109 3418 l.
2138 3367 2201 3430 l.;
2236 3361 2307 3415 ab
2333 3361 2466 3415 duo-

73 3451 171 3506 bus
197 3453 429 3522 cod.(B),
454 3455 795 3521 MMmUer,
820 3452 892 3506 ab
928 3452 1147 3506 duobus
1180 3451 1440 3520 operibus
1466 3446 1702 3521 Madviy
1737 3454 1769 3506 l.
1798 3454 1831 3505 l.
1867 3455 1874 3514 Ι
1907 3452 1987 3506 14.
2016 3466 2205 3519 pugna
2241 3468 2344 3505 om.
2366 3449 2429 3501 B.
2455 3447 2461 3517 Ι

77 3542 151 3594 15.
174 3540 480 3608 pugnantis
505 3541 566 3595 Β.
599 3543 607 3606 Ι
642 3544 720 3597 16.
747 3545 954 3594 certam
988 3537 1376 3608 proponebant
1412 3554 1567 3607 spem
1606 3540 1715 3593 Ed.
1737 3540 1924 3607 Wolff}⁴
1956 3542 2161 3590 certam
2198 3535 2467 3590 fovebant

74 3640 223 3692 spem
247 3628 331 3681 M.
353 3628 588 3682 Mueller
614 3629 644 3682 l.
668 3630 721 3696 l.,
745 3632 898 3680 certa
921 3624 1190 3680 fouebant
1217 3640 1314 3694 spe
1339 3626 1454 3681 eod.
1482 3626 1568 3693 (B)
1593 3633 1643 3679 et
1675 3627 1753 3679 ed.
1779 3632 1875 3679 vet.
1908 3630 1916 3689 1
1949 3627 2031 3680 20.
2059 3623 2342 3676 destitutis
2366 3622 2428 3675 B.
2454 3624 2460 3692 Ι

75 3714 152 3768 21.
187 3717 419 3781 receptu
456 3714 571 3768 eod.
589 3714 836 3783 plerique
858 3712 948 3781 (B)
972 3719 1021 3767 et
1054 3714 1136 3767 ed.
1161 3718 1287 3774 vet.,·
1322 3726 1584 3779 regressu
1611 3710 1684 3765 M.
1717 3714 1724 3775 Ι
1758 3713 1839 3766 22.
1867 3710 1938 3764 ab
1963 3709 2096 3778 ipsis
2121 3710 2464 3776 MMueller,

75 3803 139 3868 cf.
162 3802 240 3857 H.
270 3803 317 3855 I.
344 3801 578 3855 Mueller
615 3800 649 3853 l.
676 3802 737 3868 l.;
771 3800 875 3868 ipsi
913 3801 1028 3855 cod.
1057 3806 1106 3854 et
1142 3801 1222 3854 ed.
1249 3806 1363 3867 vet„
1402 3814 1471 3851 ex
1507 3798 1644 3866 ipsis
1690 3798 1863 3853 Cobet.
1897 3799 1905 3863 Ι
