2925 4278
348 85 432 148 88
776 102 1001 156 LIBER
1040 102 1338 156 XXXVII.
1376 102 1543 156 oAP.
1569 105 1653 157 33.
1680 106 1763 158 34.
1792 106 1875 158 35.
1917 104 1984 171 [a.
2015 103 2079 158 U.
2106 119 2151 156 c.
2178 104 2320 172 564J.

269 291 300 337 6
344 276 653 343 diderant.
747 279 979 342 stativa
1025 277 1259 342 deinde
1305 276 1386 341 ad
1418 278 1895 362 Hellespontum
1942 276 2330 360 aliquamdiu
2360 278 2740 360 habuerunt,

339 366 489 447 quia
535 365 673 430 dies
719 364 902 445 forte,
952 365 1181 447 quibus
1225 365 1457 428 ancilia
1503 373 1853 444 moventur,
1904 364 2176 448 religiosi
2223 364 2305 428 ad
2351 365 2472 429 iter
2500 364 2743 429 incide-

276 464 303 510 7
346 460 505 516 rant.
597 451 765 516 idem
813 450 949 515 dies
995 453 1062 514 P.
1097 451 1457 535 Scipionem
1511 452 1803 535 propiore
1850 452 2041 516 etiam
2085 452 2410 533 religione,
2459 453 2610 533 quia
2642 472 2741 516 sa-

337 540 457 603 lius
504 545 657 619 erat,
705 539 1118 602 diiunxerant
1177 538 1259 601 ab
1320 539 1637 622 exercitu;
1701 557 2017 621 causaque
2080 544 2142 602 et
2202 538 2258 602 is
2320 538 2458 622 ipse
2518 559 2741 603 morae

340 624 505 706 erat,
541 625 691 688 dum
739 631 1245 707 consequeretur.
2811 635 2841 682 5

271 724 296 769 1
544 712 845 775 XXXIV.
896 713 1018 775 Per
1064 731 1172 775 eos
1215 710 1377 774 forte
1424 709 1562 774 dies
1608 711 1855 794 legatus
1899 711 1979 774 ab
2026 710 2340 775 Antiocho
2395 710 2461 773 in
2529 718 2740 776 castra

268 810 298 855 2
335 806 599 863 venerat
646 799 995 881 Byzantius
1040 796 1431 877 HeraclideS,
1481 797 1562 861 de
1609 817 1767 880 pace
1813 795 2112 861 adferens
2158 796 2490 881 mandata;
2540 817 2736 879 quam

334 886 798 969 impetrabilem
859 885 994 949 fore
1057 904 1354 967 magnam
1420 884 1479 947 ei
1543 903 1722 967 spem
1784 883 1994 947 attulit
2055 904 2233 948 mora
2293 891 2354 948 et
2409 885 2734 950 cunctatio

335 973 779 1052 Romanorum,
841 992 1017 1052 quos,
1079 971 1264 1035 simul
1324 971 1545 1034 Asiam
1604 971 1986 1054 attigissent,
2051 971 2251 1035 effuso
2319 971 2576 1054 agmine
2645 971 2733 1035 ad

266 1069 297 1116 3
337 1064 542 1122 castra
587 1059 763 1141 regia
805 1058 1003 1123 ituros
1050 1057 1421 1121 crediderat.
1516 1058 1734 1122 statuit
1779 1064 1997 1121 tamen
2038 1078 2168 1122 non
2199 1057 2373 1140 prius
2405 1058 2732 1122 consulem
2775 1068 2836 1115 10

333 1143 508 1209 adire
563 1166 749 1226 quam
794 1146 862 1208 P.
898 1144 1293 1229 Scipionem3
1350 1151 1413 1207 et
1458 1144 1548 1207 ita
1593 1143 1962 1207 mandatum
2006 1144 2088 1208 ab
2123 1164 2273 1227 rege
2307 1151 2458 1208 erat.
2552 1144 2618 1208 in
2655 1164 2732 1209 eo

333 1233 677 1295 maximam
726 1251 902 1315 spem
948 1231 1246 1312 habebat,
1295 1238 1741 1314 praeterquam
1788 1230 1958 1312 quod
2004 1237 2067 1294 et
2112 1230 2483 1314 magnitudo
2527 1232 2730 1295 animi

264 1331 298 1377 4
337 1325 397 1382 et
443 1319 699 1382 satietas
751 1318 988 1402 gloriae
1047 1318 1422 1402 placabilem
1486 1337 1630 1381 eum
1691 1317 1968 1381 maxime
2021 1317 2318 1398 faciebat,
2380 1324 2732 1398 notumque

334 1411 469 1468 erat
512 1405 827 1488 gentibus,
878 1405 984 1487 qui
1029 1405 1230 1469 victor
1274 1405 1379 1467 ille
1424 1405 1492 1467 in
1553 1404 1882 1488 Hispania,
1946 1405 2051 1485 qui
2115 1403 2348 1469 deinde
2395 1404 2461 1468 in
2508 1404 2732 1469 Africa

264 1506 294 1550 5
334 1491 573 1571 fuisset,
623 1491 813 1554 etiam
862 1491 1026 1574 quod
1072 1491 1240 1555 filius
1286 1491 1422 1556 eius
1470 1497 1691 1574 captus
1736 1492 1801 1554 in
1848 1497 2159 1575 potestate
2207 1491 2375 1574 regis
2423 1498 2574 1555 erat.
2671 1492 2728 1556 is
2772 1502 2834 1549 15

333 1578 442 1649 ubi
491 1585 553 1641 et
600 1577 854 1658 quando
901 1586 963 1642 et
1010 1598 1132 1659 quo
1179 1598 1331 1642 casu
1379 1584 1600 1661 captus
1646 1578 1745 1657 sit,
1795 1578 1953 1641 sicut
1986 1578 2284 1661 pleraque
2315 1578 2465 1658 alia,
2500 1598 2728 1661 parum

333 1665 497 1728 inter
551 1671 840 1747 auctores
900 1670 1163 1728 constat.
1256 1664 1365 1727 alii
1425 1665 1734 1748 principio
1796 1665 1965 1743 belli,
2026 1684 2066 1727 a
2128 1664 2430 1730 Chalcide
2491 1664 2728 1729 Oreum

268 1764 298 1810 6
335 1757 678 1835 petentem,
727 1751 1223 1816 circumventum
1285 1752 1364 1815 ab
1432 1751 1623 1834 regiis
1683 1751 1955 1815 navibus
2014 1750 2304 1834 tradunt;
2367 1751 2495 1832 alii,
2557 1759 2729 1835 post-

334 1858 521 1919 quam
583 1837 915 1917 transitum
975 1838 1042 1901 in
1095 1837 1312 1902 Asiam
1376 1845 1493 1916 est,
1557 1858 1698 1901 cum
1760 1844 1964 1902 turma
2024 1838 2402 1921 Fregellana
2461 1838 2728 1903 missum

332 1925 728 2008 exploratum
775 1922 857 1987 ad
903 1925 1081 2008 regia
1145 1931 1372 2004 castra,
1436 1925 1635 1989 effuso
1696 1925 1951 1990 obviam
2013 1925 2297 2006 equitatu
2358 1944 2499 1988 cum
2562 1926 2723 1989 reci·
2762 1938 2827 1985 20

330 2016 509 2094 peret
555 2030 711 2089 sese,
757 2009 1089 2094 delapsum
1136 2010 1200 2074 in
1249 2031 1323 2076 eo
1370 2012 1639 2075 tumultu
1687 2032 1769 2075 ex
1816 2031 1997 2092 equo,
2062 2031 2201 2075 cum
2250 2011 2497 2075 duobus
2553 2012 2723 2093 equi-

266 2112 294 2159 7
334 2097 503 2162 tibus
548 2116 937 2182 oppressum,
986 2099 1075 2161 ita
1119 2097 1203 2161 ad
1248 2118 1462 2181 regem
1509 2096 1847 2163 deductum
1896 2118 2054 2163 esse.
2147 2097 2302 2162 illud
2365 2098 2518 2164 satis
2581 2119 2722 2164 con-

332 2192 475 2264 stat,
524 2185 578 2248 si
621 2206 753 2269 pax
801 2205 942 2248 cum
987 2185 1218 2269 populo
1264 2186 1550 2251 Romano
1596 2192 1881 2250 maneret
1924 2185 2393 2269 hospitiumque
2422 2186 2722 2269 privatim

331 2272 463 2355 regi
527 2292 667 2335 cum
729 2271 1130 2356 Scipionibus
1191 2280 1377 2352 esset,
1447 2292 1655 2352 neque
1715 2271 2035 2336 liberalius
2104 2292 2310 2353 neque
2377 2272 2722 2356 benignius

262 2374 292 2420 8
331 2358 551 2423 haberi
598 2358 841 2439 colique
887 2357 1374 2437 adulescentem,
1423 2378 1614 2439 quam
1663 2358 1864 2422 cultus
1911 2365 2023 2437 est,
2055 2360 2354 2443 potuisse.
2446 2359 2526 2424 ob
2564 2359 2722 2424 haec
2757 2371 2814 2417 25

332 2466 472 2509 cum
532 2444 879 2510 adventum
938 2445 1008 2508 P.
1058 2444 1373 2528 Scipionis
1432 2446 1679 2527 legatus
1748 2453 2165 2527 expectasset,
2236 2446 2346 2509 ubi
2405 2445 2461 2509 is
2520 2447 2719 2526 venit,

265 2547 288 2593 1
333 2532 649 2596 consulem
697 2530 830 2595 adit
877 2532 1175 2614 petitque,
1225 2539 1292 2595 ut
1338 2531 1642 2595 mandata
1704 2531 1969 2595 audiret.
2076 2533 2343 2597 XXXV.
2393 2531 2722 2596 Advocato

262 2634 293 2680 2
332 2618 646 2699 frequenti
693 2618 952 2683 consilio
997 2619 1192 2702 legati
1253 2617 1451 2682 verba
1513 2624 1660 2683 sunt
1719 2618 1953 2681 audita.
2047 2619 2119 2699 is,
2183 2618 2396 2683 multis
2440 2625 2594 2683 ante
2642 2620 2722 2683 le·

328 2705 690 2787 gationibus
737 2706 897 2769 ultro
945 2705 1223 2787 citroque
1270 2705 1655 2787 nequiquam
1703 2703 1781 2769 de
1826 2725 1985 2789 pace
2032 2706 2260 2786 missis,
2326 2726 2465 2769 eam
2514 2705 2721 2789 ipsam

536 2896 583 2947 4.
623 2897 743 2946 erat
779 2913 879 2949 om.
915 2894 977 2946 B.
1011 2896 1017 2960 Ι
1051 2894 1401 2947 diiunxerant
1438 2897 1485 2948 I.
1513 2897 1581 2948 F.
1614 2895 1947 2958 Gronovius;
1999 2895 2375 2949 disiunxerant
2411 2895 2482 2961 M,
2521 2898 2721 2961 Aldus,

329 2980 652 3033 deiunxerat
687 2988 783 3034 aut
819 2980 1144 3034 deuinxerat
1170 2982 1215 3034 B
1242 2989 1290 3035 et
1324 2983 1444 3035 sim..
1473 2983 1585 3036 cod.
1613 2999 1712 3036 rec.
1748 2985 1754 3047 Ι
1788 2985 1834 3036 6.
1863 2981 1934 3034 ab
1973 2981 2197 3035 antonio
2234 2982 2293 3034 B.
2329 2985 2335 3048 Ι
2368 2986 2415 3036 7.
2442 2981 2724 3035 bizantius

327 3067 388 3120 Β.
423 3066 430 3133 Ι
463 3071 509 3123 8.
557 3066 959 3135 impetrabilem
1006 3068 1074 3134 M,
1121 3069 1328 3133 Aldus;
1379 3066 1791 3135 inprestabilem
1839 3069 1899 3130 B,
1950 3067 2340 3135 praestabilem
2386 3071 2500 3124 cod.
2535 3087 2641 3125 rec.
2675 3078 2723 3125 et

328 3156 407 3208 ed.
435 3157 716 3223 antiquiss.
752 3156 758 3221 Ι
794 3157 872 3208 11.
899 3153 1192 3207 mandatus
1229 3170 1262 3206 a
1299 3168 1430 3222 rege
1455 3155 1518 3222 B,
1543 3156 1637 3209 secl
1673 3158 1741 3223 cf.
1769 3157 1844 3209 ad
1869 3157 2048 3209 XXX
2060 3157 2153 3223 VI,
2178 3160 2230 3222 2,
2256 3160 2339 3209 10.
2372 3158 2380 3220 Ι
2416 3159 2495 3210 17.
2522 3155 2721 3209 Orcum

331 3242 651 3306 Glareanus,
679 3242 757 3294 cd.
785 3243 963 3295 Basiz.
989 3246 1123 3294 1531
1151 3247 1199 3294 et
1223 3259 1354 3309 seq.;
1391 3240 1599 3294 oricum
1625 3243 1739 3295 cod.
1767 3241 1853 3307 (B)
1878 3249 1925 3295 et
1951 3243 2029 3295 ed.
2066 3244 2370 3310 antiquiss,
2408 3244 2477 3310 cf.
2506 3244 2589 3297 de'
2610 3247 2660 3298 h.
2688 3247 2721 3299 l.
2892 3259 2894 3362 ⁴

325 3329 628 3383 Mommsen
663 3329 848 3383 Roem.
874 3328 1097 3383 Forsch.
1125 3329 1206 3394 II,
1235 3331 1353 3380 515.
1387 3329 1393 3392 Ι
1426 3330 1509 3382 20.
1548 3326 1618 3380 ab
1657 3327 1811 3395 regia
1849 3333 2030 3381 castra
2067 3328 2125 3380 B.
2161 3328 2167 3393 Ι
2202 3332 2283 3384 21.
2332 3328 2623 3395 delapsum
2669 3331 2723 3383 in

326 3429 392 3467 eo
439 3414 678 3466 tumultu
725 3428 793 3465 ex
839 3427 980 3480 equo
1024 3415 1247 3483 scripsi;
1302 3413 1588 3481 delapsum
1626 3429 1767 3481 equo
1813 3414 1875 3482 B,
1924 3415 1976 3465 in
2025 3430 2092 3467 eo
2139 3414 2429 3483 delapsum
2475 3417 2722 3469 tumultu

326 3516 392 3553 ex
432 3515 576 3568 equo
614 3500 684 3566 M,
723 3498 777 3552 in
815 3515 882 3553 eo
919 3501 1157 3553 tumultu
1197 3499 1425 3567 delapso
1465 3515 1605 3566 equo
1643 3502 1757 3554 cod.
1792 3519 1892 3556 rec.
1928 3508 1976 3555 et
2012 3502 2089 3555 ed.
2130 3508 2242 3569 vet„
2279 3501 2335 3554 in
2372 3516 2439 3554 eo
2477 3504 2720 3556 tumultu

326 3585 610 3654 delapsum
649 3602 717 3639 ex
755 3602 895 3654 equo
931 3589 1211 3656 Kreyssiy,
1249 3591 1318 3655 cf.
1346 3589 1935 3655 ephem.Austr.1892.
1972 3588 1979 3656 Ι
2011 3591 2093 3642 22.
2132 3588 2269 3642 illud
2306 3588 2441 3642 satis
2481 3608 2585 3645 om.
2613 3590 2674 3644 B.
2708 3589 2715 3659 Ι

326 3677 427 3729 23.·
447 3675 491 3726 si
529 3689 637 3741 pax
674 3689 797 3725 cum
839 3678 1093 3740 praetore
1140 3678 1385 3726 maneret
1419 3673 1483 3726 B.
1517 3678 1523 3739 Ι
1556 3676 1641 3728 24.
1679 3673 1891 3740 regium
1929 3673 2268 3742 scipionibus
2304 3676 2366 3729 B.
2400 3676 2408 3742 Ι
2441 3678 2524 3731 29.
2568 3677 2717 3729 ultro

325 3760 571 3827 citroque
609 3758 942 3828 nequiquam
979 3760 1050 3828 B3
1088 3760 1419 3829 nequiquam
1458 3761 1603 3813 ultro
1641 3761 1890 3829 citroque
1930 3763 2044 3816 cod.
2071 3779 2171 3816 rec.
2199 3769 2247 3816 et
2283 3765 2364 3817 ed.
2389 3770 2487 3817 vet.
2520 3765 2528 3830 Ι
