2925 4278
151 1138 218 1186 10

727 144 952 222 LIBER
987 167 1317 223 xxxv111.
1355 166 1520 221 CAP.
1548 170 1628 223 59.
1657 170 1739 222 60.
1780 167 1851 236 [a.
1879 167 1944 223 U.
1971 183 2016 222 ο.
2045 169 2188 237 56η.
2225 183 2229 187 -
2527 151 2646 215 187

257 366 384 411 non
424 349 671 444 posset.
763 343 875 407 ubi
935 363 1085 426 ergo
1146 362 1286 408 esse
1341 342 1587 426 regium
1646 362 1888 423 aurum,
1950 342 2061 407 ubi
2115 347 2207 407 tot
2263 340 2650 407 hereditates

255 430 595 515 acceptas?
649 430 717 494 in
763 430 969 511 domo,
1026 450 1215 512 quam
1262 435 1550 512 sumptus
1596 449 1723 492 non
1769 428 2197 509 exhauserim,
2250 435 2501 493 exstare
2545 427 2648 493 de-

256 519 470 583 buisse
515 537 719 582 novae
765 517 1055 582 fortunae
1102 517 1437 581 cumulum.
1527 521 1594 578 at
1638 516 1826 596 enim,
1876 515 2043 597 quod
2089 536 2172 579 ex
2215 516 2399 580 bonis
2443 513 2649 598 redigi

257 625 386 670 non
440 604 659 688 possit,
717 623 799 668 ex
847 623 1104 688 corpore
1159 609 1223 668 et
1257 609 1444 704 ‘tergo
1500 622 1615 686 per
1659 603 2065 668 vexationem
2123 608 2185 666 et
2239 602 2649 667 contumelias

257 692 327 756 L.
379 690 693 775 Scipionis
737 689 1042 791 petituros
1094 690 1404 770 inimicos,
1459 695 1531 753 ut
1574 689 1640 752 in
1688 709 1938 753 carcere
1983 690 2147 753 inter
2190 688 2362 754 fures
2406 694 2649 753 noctur-

256 797 373 843 nos
420 784 483 842 et
526 778 804 842 latrones
843 778 944 841 vir
984 777 1367 843 clarissimus
1411 775 1772 840 includatur
1812 782 1874 840 et
1913 777 1980 839 in
2019 778 2241 840 robore
2273 782 2337 840 et
2373 774 2650 839 tenebris

259 864 558 948 exspiret,
602 862 834 928 deinde
875 863 1083 928 nudus
1113 871 1263 928 ante
1295 883 1611 928 carcerem
1650 863 2007 947 proiciatur.
2064 883 2191 926 non
2221 862 2288 925 id
2320 860 2650 928 Corneliae

255 951 462 1034 magis
507 950 787 1015 familiae
834 971 1022 1032 quam
1069 950 1210 1015 urbi
1238 951 1566 1015 Romanae
1596 950 1730 1014 sore
1763 949 2281 1015 erubescendum.
2358 949 2493 1014 LX.
2525 946 2649 1011 Ad-

256 1057 480 1103 versus
525 1057 602 1102 ea
631 1037 965 1101 Terentius
1010 1044 1261 1119 praetor
1304 1036 1698 1119 rogationem
1744 1037 2059 1101 Petilliam
2106 1042 2170 1100 61
2208 1042 2464 1101 senatus
2510 1054 2650 1098 con-

258 1124 491 1190 sultum
539 1130 603 1187 et
645 1123 950 1187 iudicium
1005 1123 1083 1187 de
1129 1124 1199 1188 L.
1249 1122 1546 1206 Scipione
1592 1123 1830 1187 factum
1874 1123 2192 1188 recitavit:
2249 1142 2338 1204 66,
2385 1122 2451 1186 111
2494 1121 2650 1185 refe-

255 1216 428 1274 ratur
474 1210 744 1310 pecunia
793 1211 861 1273 in
905 1209 1248 1292 publicum,
1303 1229 1468 1291 quae
1521 1209 1800 1273 iudicata
1844 1211 1943 1291 sit,
1997 1209 2155 1274 nihil
2200 1209 2435 1274 habere
2482 1206 2650 1290 quod

256 1296 471 1378 faciat,
517 1296 640 1361 nisi
685 1303 756 1360 ut
800 1295 1027 1380 prendi
1073 1295 1441 1360 damnatum
1498 1301 1561 1360 61
1605 1296 1672 1359 111
1717 1298 1971 1361 vincula
2025 1296 2171 1361 duci
2222 1292 2650 1361 1110661111-

191 1443 200 1453 .
255 1384 412 1448 buni
466 1404 608 1447 cum
660 1383 727 1447 in
782 1383 1113 1449 consilium
1175 1383 1607 1463 secessissent,
1669 1384 1857 1466 paulo
1911 1390 2054 1467 post
2105 1384 2174 1449 G.
2222 1382 2506 1447 Fannius
2567 1400 2649 1444 ex

195 1490 199 1494 ·
255 1490 371 1535 sua
417 1470 924 1554 collegarumque
968 1470 1254 1549 aliorum,
1300 1476 1553 1553 praeter
1594 1434 1974 1551 Gracchum,
2022 1470 2338 1535 sententia
2381 1487 2651 1553 1110111111-

154 1572 219 1620 15

148 2006 218 2053 20

258 1556 445 1620 tiavit
489 1557 762 1641 praetori
807 1577 935 1621 non
980 1522 1372 1622 intercedere
1417 1557 1721 1638 tribunos,
1770 1577 1893 1639 quo
1939 1558 2147 1621 minus
2192 1576 2308 1621 sua
2337 1560 2649 1652 potestate

256 1649 484 1707 utatur.
576 1643 673 1707 Ti.
723 1642 1045 1709 Gracchus
1097 1645 1188 1708 ita
1242 1643 1541 1724 decrevit,
1600 1664 1721 1725 quo
1775 1644 1984 1708 minus
2039 1663 2119 1706 ex
2165 1642 2350 1707 bonis
2403 1644 2473 1707 L.
2524 1639 2649 1706 Sci-

255 1728 467 1812 pionis
512 1728 680 1810 quod
724 1729 1069 1794 iudicatum
1117 1731 1198 1794 sit
1240 1729 1583 1813 redigatur,
1633 1750 1701 1794 se
1738 1751 1863 1794 non
1910 1729 2302 1795 intercedere
2346 1726 2646 1813 praetori;

256 1816 328 1880 L.
364 1815 744 1899 Scipionem,
793 1817 899 1898 qui
929 1837 1143 1901 regem
1177 1816 1723 1900 opulentissimum
1757 1817 1926 1881 orbis
1970 1824 2276 1882 terrarum
2322 1814 2645 1894 devicerit,

255 1902 591 1986 imperium
636 1904 851 1986 populi
894 1904 1165 1968 Romani
1216 1903 1666 1988 propagaverit
1709 1903 1775 1967 in
1821 1904 2071 1969 ultimos
2115 1910 2422 1968 terrarum
2464 1901 2645 1981 fines,

254 2008 473 2072 regem
519 1988 888 2070 Eumenem,
935 1990 1235 2071 Rhodios,
1291 1991 1450 2055 alias
1505 1996 1597 2054 tot
1639 1990 1833 2055 Asiae
1887 1992 2076 2055 urbes
2131 1988 2491 2055 devinxerit
2543 2007 2646 2071 po-

249 2074 379 2159 puli
426 2075 697 2141 Romani
741 2076 1086 2158 beneficiis,
1135 2077 1437 2162 plurimos
1485 2076 1679 2142 duces
1718 2076 1995 2142 hostium
2039 2077 2106 2142 in
2138 2076 2454 2161 triumpho
2501 2074 2644 2138 duc-

175 2211 178 2214 .
249 2170 348 2227 106
393 2182 642 2227 6616616
686 2163 1030 2244 incluserit,
1085 2185 1214 2228 non
1261 2184 1595 2248 passurum
1646 2164 1811 2228 inter
1855 2164 2069 2229 hostes
2114 2165 2329 2248 populi
2373 2161 2644 2228 Romani

144 2441 212 2488 25

275 2249 346 2313 L.
396 2246 778 2335 Scipionem]
833 2249 899 2312 in
955 2269 1204 2314 carcere
1261 2256 1322 2314 et
1367 2250 1637 2314 vinculis
1693 2270 1851 2332 6666,
1907 2251 2196 2334 mittique
2253 2271 2396 2315 eum
2443 2270 2511 2315 se
2555 2250 2641 2313 iu-

297 2355 419 2400 ere.
512 2340 688 2399 tanto
734 2354 1000 2400 assensu
1043 2336 1329 2400 auditum
1377 2343 1473 2401 est
1528 2335 1871 2417 decretum,
1929 2337 2091 2402 adeo
2142 2337 2469 2402 dimissum
2515 2334 2641 2401 Sci-

251 2421 503 2505 pionem
549 2421 697 2485 laeti
743 2420 1032 2487 homines
1062 2422 1377 2502 viderunt,
1424 2429 1495 2487 ut
1525 2423 1637 2487 vix
1676 2423 1745 2487 111
1776 2424 2003 2488 eadem
2035 2425 2291 2489 civitate
2322 2423 2642 2490 videretur

251 2507 491 2572 factum
534 2507 853 2573 iudicium.
929 2508 995 2573 in
1027 2509 1195 2574 bona
1241 2509 1472 2574 deinde
1516 2511 1587 2575 L.
1623 2509 1938 2595 Scipionis
1983 2531 2342 2595 possessum
2390 2509 2639 2594 publice

253 2601 617 2675 quaestores
663 2602 913 2679 praetor
956 2596 1142 2660 misit.
1214 2616 1422 2677 neque
1467 2596 1644 2661 iniis
1685 2617 1812 2662 non
1842 2598 2030 2663 modo
2061 2598 2401 2682 vestigium
2444 2596 2638 2660 ullum

254 2682 601 2764 comparuit
630 2682 938 2765 pecuniae
971 2682 1203 2767 regiae,
1252 2682 1366 2748 sed
1412 2703 1813 2766 nequaquam
1858 2691 2106 2749 tantum
2150 2683 2474 2748 redactum
2522 2687 2636 2762 est,

255 2773 528 2849 quantae
575 2789 861 2833 summae
906 2769 1242 2834 damnatus
1286 2770 1512 2835 suerat.
1591 2772 1819 2835 collata
1864 2792 1940 2836 ea
1984 2771 2254 2855 pecunia
2299 2771 2379 2834 ab
2413 2787 2639 2854 cogna-

459 2959 505 3012 1.
543 2955 644 3011 ubi
671 2958 850 3013 Galen.
877 2958 1024 3027 (m),
1062 2953 1141 3014 ed.
1168 2961 1346 3014 Basil.
1377 2964 1544 3028 1535;
1578 2960 1635 3013 id
1670 2959 1767 3015 ubi
1799 2962 1912 3017 eod.
1939 2978 2040 3016 rec.
2067 2968 2117 3016 et
2152 2962 2231 3015 ed.
2249 2963 2426 3030 prior.
2460 2963 2467 3026 Ι
2501 2964 2547 3015 5.
2583 2958 2641 3010 111

248 3056 521 3096 carcerem
557 3048 591 3097 3
629 3045 742 3099 cod.
768 3062 870 3100 ree.
907 3046 1066 3110 (Lov.
1091 3046 1164 3112 2).
1200 3049 1208 3112 Ι
1238 3049 1288 3101 9.
1336 3051 1393 3099 61
1438 3051 1667 3100 senatus
1713 3047 2028 3100 consultum
2062 3047 2136 3114 (S.
2164 3045 2244 3114 C.)
2286 3048 2467 3103 Gelen.
2492 3045 2638 3112 (MP),

246 3129 326 3183 ed.
353 3131 534 3184 Basil.
558 3134 697 3184 1535
704 3150 725 3199 ,-
767 3146 835 3183 ex
871 3135 1098 3184 senatus
1135 3132 1391 3186 consulto
1440 3135 1553 3188 eod.
1580 3151 1680 3188 rec.
1708 3141 1757 3188 et
1793 3136 1872 3188 ed.
1890 3137 2067 3203 prior.
2102 3136 2109 3199 Ι
2145 3137 2224 3188 10.
2262 3133 2320 3185 111
2355 3135 2433 3188 ed.
2460 3134 2638 3187 Basil.

244 3219 411 3279 1535;
457 3216 564 3269 nisi
613 3219 727 3272 cod.
752 3235 853 3273 rec.
879 3225 929 3273 et
964 3220 1042 3272 ed.
1071 3221 1249 3288 prior.
1283 3220 1292 3285 Ι
1328 3221 1406 3275 19.
1452 3220 1848 3287 propagauerit
1893 3220 1964 3289 M,
2002 3222 2212 3287 Aldus;
2257 3218 2641 3288 prorogauerit

246 3303 363 3358 cod.
389 3320 490 3357 rec.
518 3310 569 3357 et
603 3305 682 3358 ed.
708 3307 885 3373 prior.
919 3305 927 3371 Ι
959 3307 1041 3359 23.
1081 3305 1140 3359 L.
1167 3303 1478 3373 Scipionem
1525 3325 1627 3361 om.
1654 3308 1769 3361 cod.
1816 3307 1983 3376 Voss,
2027 3309 2164 3363 Lov.
2196 3313 2246 3376 1,
2280 3312 2315 3361 6
2359 3314 2408 3362 et
2439 3308 2637 3361 Victor.

243 3406 334 3459 ap.
369 3389 614 3458 Crevier„
655 3391 931 3460 Sigonius,
957 3393 1004 3445 I.
1027 3392 1095 3445 F.
1120 3392 1445 3447 Gronovius.
1479 3390 1485 3461 Ι
1515 3396 1571 3444 61
1596 3392 1831 3445 vinculis
1855 3399 1892 3446 8
1917 3395 2028 3448 cod.
2050 3411 2150 3449 rec,
2177 3395 2381 3462 (Voss,
2400 3395 2534 3448 Lov.
2553 3394 2612 3459 2)
2621 3414 2639 3456 ;

244 3480 302 3529 et
347 3476 407 3528 in
449 3476 687 3530 uinculis
736 3479 870 3533 Lov.
905 3483 940 3532 6
985 3485 1034 3532 et
1077 3480 1155 3533 ed.
1193 3486 1290 3534 vet.
1323 3480 1331 3547 Ι
1362 3467 1447 3535 24.
1486 3479 1771 3532 dimissum
1808 3480 1867 3534 L.
1896 3480 2206 3548 Scipionem
2240 3483 2376 3537 Lov.
2402 3486 2437 3535 3
2472 3488 2521 3535 et
2556 3483 2636 3536 ed.

241 3570 340 3618 vet.
374 3564 383 3629 1
415 3565 497 3618 25.
536 3563 670 3617 16611
713 3580 903 3619 01111166
950 3565 1200 3620 homines
1244 3584 1336 3620 wn.
1374 3569 1487 3623 cod.
1523 3585 1641 3636 rec,
1678 3568 1809 3621 laeti
1855 3583 2045 3621 omnes
2082 3571 2248 3623 Harl.
2281 3578 2289 3636 ι
2320 3572 2405 3625 29.
2444 3583 2510 3622 66
2545 3582 2636 3636 pe-

243 3648 404 3702 6111116
429 3653 464 3703 4
488 3652 601 3705 cod.
621 3668 721 3707 ree.
750 3653 909 3718 (Lov.
927 3656 988 3716 2)
1015 3659 1063 3707 et
1086 3654 1165 3708 ed.
1193 3660 1289 3708 vet.
1317 3661 1442 3709 ante
1466 3657 1674 3721 Basil.;
1709 3655 1944 3722 pecunia
1981 3655 2075 3708 illa
2100 3661 2134 3710 3
2154 3658 2267 3711 cod.
2286 3674 2386 3712 rec.
2412 3659 2438 3721 (
2445 3657 2589 3711 Voss,
2587 3660 2637 3719 )‚

243 3734 337 3789 illa
370 3736 608 3806 pecunia
648 3738 887 3804 Gaertn„
925 3739 1166 3807 pecunia·
1193 3745 1231 3796 2
1254 3744 1367 3797 cod.
1395 3759 1516 3810 ree,
1555 3743 1635 3796 ed.
1661 3744 1840 3798 Basil.
1865 3748 2019 3812 1535,
2044 3747 2201 3797 tanta
2236 3743 2470 3812 pecunia
2496 3745 2633 3798 coni.

246 3821 623 3880 Heumannus.
656 3825 663 3891 Ι
704 3825 776 3878 61)
822 3826 939 3881 cod.
972 3844 1076 3882 rec.
1115 3829 1362 3897 plerique
1407 3830 1564 3895 (Lov.
1598 3833 1650 3897 2,
1694 3830 1892 3898 Voss),
1939 3833 2006 3899 cf.
2043 3832 2297 3900 Fueyner
2339 3831 2474 3884 Lex.
2509 3830 2633 3884 Liv.
