2925 4278
402 133 482 195 74
873 149 1096 202 LIBER
1135 148 1431 203 XXXV11.
1472 148 1636 202 cAP.
1663 153 1747 205 21.
1776 153 1855 205 22.
1899 150 1965 217 [a.
1992 150 2058 204 U.
2084 164 2128 202 ο.
2156 150 2292 218 564].

400 324 549 388 solis
593 323 900 388 redeundi
944 325 1012 388 in
1058 330 1263 389 castra
1308 331 1557 408 tempus
1604 331 1756 404 erat,
1818 324 1975 408 regii
2037 324 2234 407 signis
2299 324 2539 389 collatis
2599 326 2780 392 abire

328 427 359 473 3
395 411 650 494 agmine
695 411 778 474 ad
822 412 942 475 iter
985 412 1188 494 magis
1235 431 1422 493 quam
1455 410 1541 474 ad
1570 430 1850 495 pugnam
1883 411 2223 494 composito
2265 431 2544 495 coepere.
2609 413 2780 494 quie-

396 498 489 561 vit
531 497 917 581 Diophanes,
965 497 1115 561 dum
1163 499 1227 561 in
1274 503 1614 581 conspectu
1659 504 1864 581 erant;
1910 497 2141 562 deinde
2189 498 2429 578 eodem,
2486 519 2610 579 quo
2658 500 2781 583 pri-

396 584 517 663 die,
564 585 803 668 impetu
826 585 911 648 ‘in
959 592 1344 668 postremum
1388 604 1621 667 agmen
1667 584 1945 664 incurrit,
1994 590 2364 666 tantumque
2410 605 2625 650 rursus
2671 606 2780 669 pa-

396 672 564 735 voris
608 691 684 735 ac
730 671 1030 735 tumultus
1074 671 1356 751 incussit,
1404 677 1492 751 ut,
1542 691 1683 734 cum
1729 677 1907 754 terga
1953 669 2385 751 caederentur,
2432 691 2619 736 nemo
2667 693 2782 755 pu-

395 757 636 839 gnandi
682 778 874 822 causa
916 758 1246 841 restiterit3
1308 756 1822 841 trepidantesque
1884 764 1946 821 et
1992 758 2101 821 vix
2148 757 2432 823 ordinem
2498 759 2782 842 agminis

329 860 361 905 4
399 850 725 909 servantes
792 845 858 907 in
927 851 1132 908 castra
1199 844 1505 927 compulsi
1569 850 1733 907 sunt.
1824 843 1983 908 haec
2034 843 2431 909 Achaeorum
2506 844 2784 909 audacia

398 930 730 995 Seleucum
778 951 858 995 ex
905 952 1058 1015 agro
1103 932 1496 1014 Pergameno
1541 950 1797 995 movere
1844 936 2051 994 castra
2097 932 2319 1014 coegit.

602 1017 951 1083 Antiochus
1011 1024 1343 1100 postquam
1404 1019 1723 1082 Romanos
1781 1016 1864 1080 ad
1923 1016 2226 1081 tuendum
2288 1017 2783 1101 Adramytteum

395 1103 649 1167 venisse
703 1103 965 1183 audivit,
1029 1124 1106 1168 ea
1166 1103 1421 1185 quidem
1482 1104 1638 1167 urbe
1697 1104 2036 1187 abstinuit3
2110 1103 2526 1188 depopulatus
2586 1125 2781 1189 agros

327 1205 357 1251 5
394 1191 699 1254 Peraeam
744 1189 914 1271 inde,
963 1191 1270 1255 coloniam
1317 1190 1862 1272 Mitylenaeorum,
1911 1191 2321 1273 expugnavit.
2415 1192 2644 1258 Cotton
2716 1199 2781 1256 et

396 1277 745 1359 Corylenus
792 1284 854 1341 et
899 1276 1311 1361 Aphrodisias
1358 1283 1418 1341 et
1465 1277 1698 1340 Prinne
1760 1277 1959 1360 primo
2021 1277 2260 1360 impetu
2320 1284 2545 1361 captae
2607 1288 2777 1342 sunt.

328 1379 357 1424 6
395 1363 544 1428 inde
607 1384 720 1447 per
784 1364 1154 1445 Thyatiram
1211 1363 1441 1429 Sardes
1500 1362 1703 1427 rediit.
1797 1363 2096 1428 Seleucus
2155 1364 2222 1426 in
2284 1384 2393 1428 ora
2459 1365 2782 1428 maritima

394 1470 772 1533 permanens
816 1450 956 1514 aliis
1000 1451 1217 1514 terrori
1265 1456 1418 1529 erat,
1465 1450 1608 1513 aliis
1652 1449 1985 1534 praesidio.
2065 1450 2282 1514 classis
2312 1452 2598 1514 Romana
2631 1472 2782 1515 cum

393 1538 675 1600 Eumene
722 1536 1106 1618 Rhodiisque
1151 1536 1500 1617 Mitylenen
1547 1536 1766 1619 primo,
1814 1535 1963 1600 inde
2023 1543 2206 1617 retro,
2256 1537 2423 1601 unde
2485 1537 2782 1621 profecta

328 1638 355 1684 7
395 1629 547 1702 erat,
594 1622 852 1687 Elaeam
899 1623 1077 1688 redit.
1168 1622 1318 1686 inde
1363 1623 1721 1687 Phocaeam
1767 1629 2055 1706 petentes
2099 1623 2182 1687 ad
2228 1624 2521 1703 insulam,
2578 1645 2781 1705 quam

394 1708 734 1781 Bacchium
778 1716 1008 1774 vocant
1059 1748 1133 1755 —
1182 1709 1471 1773 imminet
1512 1710 1653 1775 urbi
1698 1709 2196 1773 Phocaeensium
2244 1748 2345 1790 -—,
2393 1711 2781 1794 appulemnt

396 1802 475 1875 et,
524 1795 751 1876 quibus
795 1803 944 1860 ante
988 1795 1426 1860 abstinuerant
1473 1796 1723 1879 templis
1768 1796 2088 1879 signisque
2134 1835 2220 1842 —
2266 1798 2521 1879 egregie
2561 1805 2781 1863 autem

396 1888 705 1947 exornata
749 1883 955 1947 insula
1015 1889 1149 1946 erat
1193 1919 1297 1962 ——,
1364 1902 1505 1946 cum
1566 1881 1874 1946 hostiliter
1935 1882 2362 1965 diripuissent,
2425 1883 2508 1947 ad
2568 1885 2780 1968 ipsam

328 1986 359 2033 8
396 1969 618 2033 urbem
664 1969 1163 2033 transmiserunt.
1257 1989 1400 2032 eam
1447 1967 1668 2033 divisis
1714 1969 1877 2032 inter
1938 1989 2005 2032 se
2051 1970 2334 2052 partibus
2396 1990 2536 2034 cum
2582 1992 2778 2055 oppu-

394 2061 684 2139 gnarent,
732 2063 793 2119 et
839 2055 1155 2120 videretur
1200 2056 1335 2119 sine
1382 2056 1695 2139 operibus,
1758 2056 1950 2120 armis
2011 2057 2321 2137 scalisque
2383 2057 2524 2142 capi
2569 2078 2779 2142 posse,

398 2143 656 2207 missum
702 2144 783 2207 ab
829 2143 1140 2207 Antiocho
1200 2142 1586 2227 praesidium
1648 2144 1835 2206 trium
1897 2143 2137 2206 milium
2198 2152 2577 2209 armatorum
2637 2166 2779 2209 cum

326 2250 356 2296 9
395 2230 689 2293 intrasset
735 2231 972 2310 urbem,
1021 2230 1338 2312 extemplo
1384 2229 1856 2314 oppugnatione
1917 2229 2151 2293 omissa
2195 2231 2414 2295 classis
2473 2230 2557 2294 ad
2612 2232 2779 2296 insu-

395 2316 518 2380 lam
566 2336 635 2380 se
680 2318 936 2400 recepit,
985 2316 1141 2380 nihil
1186 2316 1358 2380 aliud
1405 2337 1595 2397 quam
1641 2316 2020 2399 depopulato
2054 2317 2220 2379 circa
2249 2317 2470 2381 urbem
2500 2317 2776 2382 hostium

328 2424 353 2470 1
395 2423 563 2486 agro
613 2403 823 2467 XXII.
872 2402 1030 2467 Inde
1076 2403 1312 2487 placuit
1356 2403 1686 2467 Eumenen
1733 2402 1983 2466 domum
2032 2402 2261 2466 dimitti
2293 2410 2354 2467 et
2395 2424 2778 2488 praeparare

603 2597 647 2648 1.
686 2593 919 2646 redeunt
954 2593 1015 2645 B.
1050 2595 1058 2659 Ι
1089 2593 1255 2660 regiis
1293 2593 1354 2645 B.
1389 2595 1396 2655 Ι
1429 2595 1476 2647 3.
1515 2593 1645 2645 dum
1684 2592 1754 2659 M,
1792 2593 1997 2656 Aldus;
2042 2608 2165 2644 cum
2201 2595 2294 2646 rel.
2333 2594 2448 2649 eod.
2487 2593 2574 2659 (B)
2612 2602 2664 2648 et
2700 2596 2778 2649 ed.

393 2683 679 2750 antiquiss.
713 2683 721 2746 Ι
753 2679 951 2733 deinde
987 2695 1053 2733 eo
1087 2695 1197 2747 quo
1223 2680 1284 2732 B.
1318 2683 1325 2746 1
1358 2684 1406 2735 9.
1434 2680 1713 2732 Romanos
1738 2680 1785 2732 &
1812 2678 1883 2732 ad
1907 2681 1986 2734 ed.
2016 2681 2203 2734 Parni.
2223 2685 2375 2744 1480,
2402 2679 2691 2735 Romanos
2728 2687 2783 2735 et

393 2767 690 2819 Eumenem
726 2767 797 2819 ad
830 2768 909 2821 ed.
937 2773 1030 2820 vet.
1056 2784 1159 2834 seq.
1193 2768 1202 2832 Ι
1236 2771 1315 2821 10.
1352 2767 1572 2819 venisse
1609 2785 1709 2821 oni.
1744 2766 1814 2820 B.·
1841 2766 1847 2832 Ι
1882 2769 1963 2821 11.
2003 2769 2262 2819 Peraeam
2300 2769 2379 2820 ed.
2405 2770 2583 2822 Basil.
2613 2774 2780 2833 1535,-

394 2852 652 2920 pheream
691 2854 802 2907 eod.
821 2855 1069 2922 plerique
1104 2853 1189 2920 (B)
1226 2859 1274 2906 et
1309 2854 1388 2906 ed.
1427 2856 1712 2922 antiquiss.
1745 2857 1753 2916 Ι
1786 2852 2193 2919 mitylineorum
2230 2853 2291 2905 B.
2325 2854 2332 2919 Ι
2368 2856 2447 2907 12.
2486 2860 2543 2906 et
2578 2854 2781 2908 Prinne

394 2940 507 2994 eod.
534 2957 654 3008 ree„
678 2943 736 2991 et
770 2939 961 3007 prinne
998 2940 1060 3006 B,
1099 2944 1155 2991 et
1190 2939 1360 3007 prime
1397 2941 1512 2995 eod.
1538 2958 1637 2995 ree.
1657 2941 1902 3008 plerique
1926 2940 2126 3007 (Voss.‚
2154 2941 2285 2994 Lov.
2312 2941 2389 3007 2),
2424 2945 2480 2992 et
2515 2941 2781 3008 priennae

393 3028 493 3092 (vel
537 3025 780 3093 prienne)
825 3028 905 3081 ed.
942 3028 1245 3095 antiquiss„
1292 3040 1453 3078 crene
1499 3026 1589 3078 M?
1623 3024 1699 3079 S?
1746 3031 1949 3092 („vetus
1996 3028 2178 3081 lectio“
2233 3028 2457 3090 Gelen.)‚
2504 3032 2562 3080 et
2605 3027 2781 3082 Crene

395 3114 477 3166 ecl.
504 3120 635 3181 post
675 3114 874 3182 Basil.,
919 3118 976 3166 et
1021 3112 1218 3166 Carine
1262 3115 1342 3167 vel
1387 3112 1585 3166 Germe
1643 3114 1952 3167 dubitanter
1994 3115 2368 3168 Weissenborn
2422 3115 2503 3168 ed.
2552 3117 2780 3171 Weidm.

386 3219 443 3268 p.
473 3205 592 3264 193,
635 3204 792 3268 „fora
831 3203 894 3253 in
930 3200 1127 3252 Prinne
1164 3201 1245 3253 vel
1282 3199 1457 3252 Crene
1493 3218 1606 3255 non
1640 3201 1807 3265 urbiS,
1843 3201 1936 3254 sed
1982 3202 2218 3269 reqionis
2262 3218 2455 3255 nomen
2492 3204 2639 3270 latet,
2679 3222 2781 3273 quo

393 3290 524 3342 haec
547 3289 916 3354 Aphrodisias
941 3288 1009 3341 ab
1034 3289 1163 3341 aliis
1187 3289 1423 3341 eiusdem
1447 3290 1687 3341 nominis
1722 3289 1946 3341 urbibus
1972 3287 2420 3356 distinqueretur“
2445 3289 2527 3343 M.
2547 3290 2785 3346 Mueller

386 3392 445 3442 p.
474 3375 604 3428 VII.
638 3375 646 3438 Ι
692 3377 771 3428 13.
808 3373 1134 3441 Thyatiram
1191 3375 1305 3429 eod.
1352 3375 1500 3428 Voss,
1535 3382 1583 3427 et
1626 3375 1759 3429 Lov.
1785 3379 1848 3437 2,·
1892 3374 2099 3442 tyatira
2151 3373 2213 3440 B,
2260 3374 2560 3442 Thyatiras
2599 3375 2674 3444 M,
2713 3379 2781 3444 cf.

396 3462 474 3514 M.
502 3462 736 3514 Mueller
769 3463 802 3514 l.
831 3463 864 3515 l.
898 3463 905 3526 1
939 3459 1134 3513 sai-diis
1168 3460 1230 3527 B,
1266 3460 1477 3513 sardeis
1511 3461 1579 3513 M.
1614 3462 1620 3528 Ι
1657 3464 1735 3515 16.
1783 3459 1944 3512 rediit
1997 3462 2109 3514 cod.
2147 3478 2247 3515 ree.
2281 3468 2330 3514 et
2365 3463 2443 3515 ed.
2481 3469 2574 3516 vet.
2611 3465 2620 3526 Ι
2653 3463 2782 3531 pho-

393 3562 545 3599 ceam
582 3547 643 3599 B.
678 3550 685 3611 1
716 3551 910 3614 petens
953 3547 1024 3613 M,
1069 3551 1106 3599 2
1141 3548 1255 3601 cod.
1294 3565 1394 3602 ree.
1433 3554 1483 3601 et
1519 3549 1597 3601 ed.
1627 3549 1811 3601 Parm.
1844 3548 1852 3610 Ι
1887 3550 1966 3601 17.
2005 3545 2441 3599 Phocaeensium
2485 3549 2565 3602 ed.
2601 3552 2779 3605 Basil.

395 3639 558 3696 1535;
594 3632 949 3700 phocensium
986 3635 1100 3689 eod.
1129 3640 1177 3686 et
1213 3635 1292 3687 ed.
1312 3636 1489 3702 prior.
1523 3635 1531 3698 Ι
1564 3637 1645 3688 21.
1685 3633 1965 3686 videretur
1990 3673 2002 3685 .
2030 3674 2041 3685 .
2072 3676 2081 3685 .
2111 3674 2122 3686 .
2152 3632 2271 3700 capi
2308 3649 2475 3700 posse
2511 3634 2585 3702 B,
2633 3636 2780 3690 uide-

392 3726 514 3774 rent
534 3762 546 3773 .
568 3761 578 3771 .
604 3720 794 3787 ..capi
819 3736 927 3774 non
964 3734 1127 3787 posse
1164 3722 1277 3775 eod.
1304 3738 1404 3776 ree.
1432 3728 1483 3775 et
1518 3723 1597 3774 ecl.
1625 3726 1717 3775 vet.
1751 3723 1759 3785 Ι
1792 3723 1873 3774 25.
1901 3724 1958 3772 et
1982 3739 2083 3775 om.
2112 3720 2168 3772 B.
2206 3720 2213 3784 Ι
2245 3735 2577 3789 praeparare
2607 3725 2782 3792 pauci

392 3808 509 3863 cod.
534 3824 653 3875 ree,
689 3808 769 3860 ed.
797 3809 975 3861 Basil.
1003 3811 1165 3871 1535;
1208 3807 1521 3875 praeparari
1560 3808 1671 3862 eod.
1692 3808 1937 3876 plerique
1971 3806 2058 3873 (B)
2094 3814 2144 3860 et
2187 3807 2265 3860 ed.
2287 3809 2463 3874 prior.
2497 3811 2505 3874 Ι

2817 1125 2871 1171 10

2821 1558 2875 1604 15

2816 1988 2872 2035 20

2817 2422 2875 2468 25
