2925 4278
444 119 566 185 158
899 136 1123 189 LIBER
1162 135 1481 191 XXXVIII.
1523 135 1688 189 CAP.
1716 139 1797 192 35.
1825 138 1909 192 36.
1951 134 2018 203 [a.
2049 135 2113 189 U.
2139 150 2184 188 c.
2211 135 2353 204 566].

440 314 679 397 evenit,
738 311 815 388 Q.
856 311 1129 376 Marcius
1174 311 1473 390 Siciliam,
1530 311 1598 375 O.
1644 309 1981 375 Stertinius
2025 308 2401 390 Sardiniam,
2446 309 2520 374 L.
2555 310 2829 374 Manlius

372 411 397 457 1
437 399 814 484 Hispaniam
847 398 1217 476 citeriorem,
1261 398 1329 462 O.
1365 397 1616 461 Atinius
1647 396 2003 461 ulteriorem
2044 402 2140 462 est
2179 396 2450 461 sortitus.
2521 397 2826 462 XXXVI.

438 489 535 553 De
577 485 959 552 exercitibus
998 485 1088 549 ita
1126 484 1389 567 placuit:
1432 503 1513 547 ex
1555 483 1759 548 Gallia
1797 483 2100 567 legiones,
2143 503 2305 565 quae
2337 484 2453 548 sub
2497 484 2572 549 O.
2617 484 2830 548 Laelio

370 585 401 633 2
439 574 707 651 fuerant,
755 571 837 636 ad
880 571 961 635 M.
995 571 1298 635 Tuccium
1341 576 1811 654 propraetorem
1856 571 1921 633 in
1953 571 2231 635 Bruttios
2276 568 2553 652 traduci;
2606 577 2694 651 et,
2729 570 2827 652 qui

437 662 504 726 in
559 660 777 727 Sicilia
831 663 1017 738 esset,
1080 656 1312 721 dimitti
1372 657 1748 741 exercitum3
1812 662 1875 720 et
1929 656 2214 733 classem,
2272 676 2437 738 quae
2489 656 2590 721 ibi
2648 663 2826 737 esset,
2884 712 2885 715 ,

370 760 402 806 3
439 750 705 812 Romam
750 743 1078 810 reduceret
1122 745 1227 808 Μ.-
1253 743 1661 828 Sempronius
1706 750 2086 827 propraetor.
2165 743 2492 826 Hispaniis
2543 744 2830 828 singulae

440 834 745 916 legiones,
793 850 954 913 quae
992 835 1133 895 tum
1167 830 1245 895 in
1289 830 1368 895 iis
1414 830 1757 914 provinciis
1805 836 2002 910 erant,
2059 828 2370 910 decretae,
2425 836 2488 894 et
2537 837 2613 895 ut
2659 838 2830 894 terna

441 921 615 1000 milia
658 918 961 1003 peditum,
1008 917 1285 982 ducenos
1332 917 1576 999 equites
1620 919 1808 983 ambo
1852 921 2174 1000 praetores
2219 916 2285 981 in
2319 917 2826 1000 supplementum

371 1020 405 1066 4
442 1006 629 1072 sociis
687 1006 1070 1088 imperarent
1130 1023 1470 1085 secumque
1529 1009 2046 1087 transportarent.
2138 1004 2507 1087 priusquam
2573 1005 2648 1068 in
2710 1023 2823 1088 pro

441 1093 684 1158 vincias
728 1091 878 1157 novi
924 1091 1327 1174 magistratus
1374 1090 1936 1173 proficiscerentur,
1983 1090 2355 1174 supplicatio
2400 1090 2691 1155 triduum
2728 1110 2828 1173 pro
2861 1109 2886 1153 1·

443 1179 705 1262 collegio
750 1178 1250 1244 decemvirorum
1303 1177 1613 1260 imperata
1665 1177 1785 1241 fuit
1838 1177 1905 1241 in
1951 1177 2242 1242 omnibus
2297 1178 2616 1260 compitis,
2676 1174 2829 1258 quod

440 1268 580 1332 luce
624 1267 788 1331 inter
818 1264 1036 1329 horam
1083 1264 1330 1328 tertiam
1376 1263 1576 1328 ferme
1623 1270 1686 1328 et
1717 1270 2006 1345 quartam
2049 1265 2353 1329 tenebrae
2399 1264 2669 1329 obortae
2713 1262 2828 1326 fue

442 1359 601 1418 rant.
695 1359 758 1417 et
800 1350 1201 1417 novemdiale
1248 1349 1624 1415 sacrificium
1668 1349 1975 1415 indictum
2022 1356 2138 1431 est,
2185 1349 2353 1432 quod
2399 1350 2464 1414 in
2513 1349 2829 1416 Aventino

442 1439 761 1524 lapidibus
807 1439 1129 1522 pluvisset.

375 1538 405 1585 5
653 1525 981 1608 Campani,
1030 1545 1172 1589 cum
1218 1545 1325 1589 eos
1379 1544 1460 1589 ex
1509 1530 1766 1590 senatus
1821 1524 2123 1604 consult0,
2179 1522 2349 1605 quod
2400 1524 2621 1608 priore
2674 1542 2829 1587 anno
2864 1540 2886 1583 ιι

445 1612 682 1677 factum
737 1618 890 1692 erat,
948 1631 1239 1676 censores
1291 1613 1533 1675 Romae
1588 1611 1945 1694 coegissent
1999 1610 2242 1675 censeri
2295 1648 2382 1656 —
2436 1631 2596 1675 nam
2651 1614 2826 1674 antea

445 1700 752 1763 incertum
798 1698 1024 1778 fuerat,
1070 1698 1179 1762 ubi
1227 1703 1649 1778 censerentur,
1682 1737 1765 1743 -
1812 1696 2146 1781 petierunt,
2202 1703 2272 1761 ut
2324 1697 2445 1761 sibi
2503 1697 2683 1762 cives
2724 1697 2827 1759 Ro-

378 1797 408 1844 6
446 1805 667 1850 manas
723 1784 951 1849 ducere
1004 1804 1234 1849 uxores
1285 1784 1521 1863 liceret,
1579 1790 1660 1865 et,
1715 1784 1768 1848 si
1824 1784 1956 1865 qui·
1985 1785 2156 1867 prius
2209 1782 2564 1865 duxissent,
2622 1789 2692 1847 ut
2734 1782 2825 1845 ha·

331 1910 334 1913 -
446 1874 596 1937 bere
641 1891 770 1952 eaS,
826 1876 890 1935 et
933 1872 1065 1935 nati
1110 1876 1261 1935 ante
1307 1891 1449 1935 eam
1496 1870 1666 1934 diem
1709 1871 1800 1934 uti
1846 1871 1994 1935 iusti
2048 1871 2169 1935 sibi
2213 1870 2394 1935 liberi
2438 1870 2826 1950 heredesque

377 1969 406 2015 7
448 1965 676 2024 essent.
767 1964 1034 2039 utraque
1085 1978 1187 2022 res
1232 1958 1585 2041 impetrata.
1677 1956 1758 2021 de
1803 1957 2159 2022 Formianis
2203 1956 2665 2039 Fundanisque
2712 1972 2824 2018 mu·
2854 1966 2886 2014 2<

446 2046 760 2129 nicipibus
814 2050 877 2109 et
930 2044 1343 2129 Arpinatibus
1390 2044 1458 2109 O.
1492 2044 1788 2108 Valerius
1833 2045 2055 2128 Tappo
2110 2044 2400 2109 tribunus
2452 2044 2666 2127 plebis
2708 2059 2827 2125 pro

448 2132 772 2218 mulgavit,
827 2137 897 2197 ut
941 2132 1018 2198 iis
1074 2131 1359 2215 suffragii
1410 2131 1562 2197 latio
1607 2170 1692 2178 —
1737 2153 1886 2195 nam
1940 2137 2132 2196 antea
2186 2131 2323 2196 sine
2378 2130 2684 2214 suffragio
2734 2126 2824 2191 ha-

379 2232 411 2280 8
446 2223 716 2286 buerant
757 2220 1078 2284 civitatem
1110 2257 1194 2265 —
1225 2224 1409 2284 esset.
1482 2218 1628 2283 huic
1666 2219 1979 2302 rogationi
2012 2225 2306 2300 quattuor
2337 2218 2578 2283 tribuni
2617 2214 2820 2302 plebiS,

448 2309 597 2391 quia
627 2328 752 2372 non
787 2326 868 2371 ex
898 2306 1273 2371 auctoritate
1306 2311 1564 2370 senatus
1594 2305 1880 2386 ferretur,
1919 2325 2060 2370 cum
2091 2304 2579 2385 intercederent,
2614 2298 2819 2375 edocti,

448 2394 663 2479 populi
711 2413 868 2474 esse,
915 2413 1044 2457 non
1089 2399 1346 2457 senatus
1402 2391 1500 2456 ius
1557 2392 1946 2476 suffragium,
1994 2392 2222 2473 quibus
2267 2392 2439 2472 velit,
2498 2388 2821 2474 impertire,
2852 2396 2886 2444 ‘22

380 2494 412 2542 9
450 2480 827 2546 destiterunt
869 2480 1141 2563 incepto.
1217 2478 1459 2562 rogatio
1507 2478 1749 2561 perlata
1793 2483 1908 2560 est,
1954 2485 2025 2543 ut
2061 2479 2127 2542 in
2168 2478 2438 2542 Aemilia
2483 2478 2655 2542 tribu
2697 2475 2825 2537 For-

451 2568 647 2631 miani
704 2573 767 2631 et
822 2564 1136 2645 Fundani,
1184 2565 1249 2628 in
1305 2565 1599 2630 Cornelia
1653 2565 1992 2649 Arpinates
2046 2565 2309 2648 ferrent,
2371 2570 2567 2646 atque
2622 2564 2686 2627 in
2736 2557 2823 2621 his

351 2666 414 2714 10
452 2654 741 2718 tribubus
785 2659 918 2716 tum
964 2652 1233 2735 primum
1280 2672 1362 2716 ex
1393 2651 1646 2716 Valerio
1691 2652 2022 2735 plebiscito
2072 2652 2246 2716 censi
2292 2657 2455 2716 sunt.
2533 2652 2616 2715 M.
2665 2646 2822 2713 Clau-

453 2739 595 2804 dius
647 2739 979 2803 Marcellus
1033 2758 1273 2818 censor,
1329 2745 1495 2802 sorte
1549 2745 1842 2822 superato
1887 2740 1958 2803 T.
2010 2737 2323 2818 Quinctio,
2378 2738 2646 2803 lustrum
2698 2749 2818 2796 con-

453 2825 631 2890 didit.
710 2845 902 2890 censa
946 2831 1092 2890 sunt
1138 2825 1369 2889 civium
1416 2825 1628 2908 capita
1673 2824 1947 2890 ducenta
1988 2825 2446 2909 quinquaginta
2487 2831 2628 2890 octo
2666 2815 2821 2884 milia
2848 2821 2886 2872 3(

663 3018 709 3070 1.
747 3015 805 3078 Q.
832 3015 1069 3069 Marcius
1108 3013 1347 3068 Siciliam
1389 3017 1638 3070 nonnull.
1676 3017 1788 3071 cod.
1822 3034 1922 3071 rec.
1951 3023 1999 3071 et
2034 3018 2113 3070 ed.
2139 3023 2269 3083 vet.,·
2312 3031 2364 3084 q.
2400 3014 2635 3070 marcius
2669 3003 2819 3064 sicilia

453 3103 514 3171 B,
563 3118 614 3170 q.
663 3102 866 3156 marcio
914 3101 1088 3155 sicilia
1147 3104 1260 3158 cod.
1295 3120 1397 3157 rec.
1427 3104 1674 3172 plerique
1721 3103 1879 3166 (Lov.
1914 3108 1966 3170 2,
2016 3104 2208 3166 Voss).
2253 3106 2260 3169 Ι
2301 3119 2346 3156 c.
2389 3098 2681 3155 sterninius
2719 3093 2771 3146 Β.
2806 3087 2813 3150 l

453 3192 502 3244 2.
543 3190 602 3244 C.
627 3189 859 3243 Atinius
899 3191 1188 3259 Siyonius3
1232 3205 1277 3243 c.
1304 3189 1542 3242 catinius
1588 3191 1702 3244 cod.
1730 3191 1978 3258 plerique
2012 3191 2113 3257 (B).
2147 3194 2158 3257 ι
2188 3193 2235 3244 6.
2272 3189 2565 3243 reduceret
2599 3185 2667 3237 M.
2691 3180 2815 3234 Sem·

452 3276 677 3344 pronius
714 3281 1039 3345 propraetor
1070 3277 1141 3344 B,
1178 3275 1442 3329 reducere
1478 3292 1548 3329 m.
1574 3276 1945 3344 sempronium
1980 3280 2387 3344 propraetorem
2415 3273 2717 3345 „antiquior
2736 3266 2813 3318 1⁸0·

453 3365 561 3419 tio“
607 3363 787 3418 Gelen.
834 3363 981 3432 (MP),
1028 3365 1107 3417 ed.
1135 3365 1314 3417 Basil.
1341 3365 1496 3429 1535,
1542 3362 1830 3416 reduceret
1873 3379 1942 3415 m.
1987 3364 2342 3431 sempronius,
2387 3379 2486 3431 pro
2523 3360 2632 3418 cod.
2664 3351 2810 3410 rec-et

455 3452 534 3504 ed.
574 3452 861 3519 antiquiss.
895 3454 902 3514 Ι
947 3454 993 3504 7.
1032 3450 1089 3503 in
1125 3450 1209 3503 his
1245 3450 1306 3502 B.
1339 3449 1347 3517 Ι
1387 3449 1612 3503 decreta
1654 3451 1715 3503 B.
1749 3453 1758 3514 1
1793 3453 1873 3505 10.
1919 3449 2160 3508 triduum
2202 3449 2282 3518 M3
2327 3450 2560 3518 primum
2592 3427 2731 3514 (pmfi
2760 3434 2813 3498 B)

456 3538 548 3591 rel.
587 3538 728 3604 cod„
785 3537 840 3589 in
895 3536 1138 3590 triduum
1183 3535 1379 3592 Aldus.
1421 3538 1553 3604 113.
1602 3536 1893 3591 nou‘ediale
1955 3538 2014 3589 B.
2059 3539 2068 3602 1
2111 3540 2189 3591 17.
2235 3536 2503 3590 incertum
2557 3534 2670 3587 erat
2715 3517 2806 3584 R!

460 3624 541 3677 18.
580 3623 729 3689 prius
767 3623 1034 3677 dixissent
1069 3624 1132 3676 B.
1167 3626 1174 3688 Ι
1209 3626 1289 3678 19.
1328 3622 1659 3692 haeredesq3
1706 3625 1766 3677 B.
1799 3625 1806 3691 Ι
1838 3627 1922 3679 21.
1960 3639 2104 3691 appo
2140 3623 2199 3676 Β.
2234 3625 2242 3692 1
2273 3626 2358 3678 22.
2395 3619 2696 3676 habuerunt
2726 3603 2806 3670 Β·Ι

458 3711 541 3764 23.
580 3727 695 3761 .11n.
734 3710 801 3763 tf.
838 3710 969 3777 quia
1004 3711 1066 3763 B.
1100 3713 1108 3776 Ι
1140 3713 1221 3764 27.
1262 3715 1319 3762 et
1354 3709 1606 3763 Fundani
1640 3710 1695 3762 in
1733 3729 1835 3766 om.
1862 3711 1906 3763 B
1934 3713 2186 3777 (ceterum
2212 3714 2281 3779 cf.
2308 3712 2372 3764 de
2404 3713 2456 3765 h.
2482 3707 2808 3765 l..Momm80'⁸

464 3796 696 3850 Staatsr.
720 3797 830 3850 ΙΙΙ
848 3814 909 3865 p.
934 3800 1037 3851 329
1075 3803 1125 3851 et
1159 3797 1300 3863 780).
1334 3797 1343 3862 Ι
1374 3798 1458 3850 28.
1497 3795 1673 3850 tribus
1707 3798 1769 3850 B.
1800 3801 1810 3866 1
1841 3801 1924 3853 29.
1962 3803 2111 3852 sorte
2147 3816 2250 3854 om.
2275 3798 2335 3852 B.
2369 3799 2378 3864 Ι
