2925 4278
336 119 420 183 56
887 135 1111 187 LIBER
1148 135 1447 189 xxxvn.
1488 134 1653 188 cAP.
1682 138 1727 189 6.
1770 136 1835 203 [a.
1863 135 1928 189 U.
1956 150 2000 188 ο.
2029 135 2172 203 564].

267 320 298 367 2
336 331 413 375 ac
456 311 852 375 Thessaliam
900 310 1134 374 venire.
1229 330 1369 374 cum
1415 310 1721 375 tredecim
1767 310 2019 374 milibus
2078 309 2362 393 peditum
2428 315 2492 372 et
2552 309 2733 391 quin-

335 397 545 480 gentis
601 397 917 479 equitibus
973 396 1188 461 consul
1244 397 1546 461 veniebat
1598 434 1684 442 —
1703 396 1865 460 ·iam
1919 397 2088 459 enim
2141 397 2208 459 in
2263 396 2404 459 sinu
2458 395 2733 459 Maliaco

337 489 473 547 erat
525 507 643 566 —3
694 490 755 547 et
814 483 1178 566 praemissis
1238 484 1592 582 Hypatam,
1655 483 1762 564 qui
1821 482 2072 546 tradere
2131 476 2353 546 urbem
2416 481 2731 561 iuberent,

336 575 670 652 postquam
719 569 876 633 nihil
921 589 1289 651 responsum
1353 576 1446 633 est
1508 569 1629 632 nisi
1692 589 1773 633 ex
1831 569 2148 632 communi
2202 567 2564 632 Aetolorum
2625 533 2733 631 de-

338 661 507 720 creto
553 655 848 735 facturOS,
898 675 980 719 ne
1023 661 1267 718 teneret
1313 676 1381 720 se
1428 655 1816 738 oppugnatio
1877 655 2177 737 Hypatae
2237 653 2519 718 nondum
2582 655 2732 717 Am·
2818 673 2849 720 5

268 752 299 798 3
335 742 556 825 phissa
597 748 873 825 recepta,
921 742 1266 823 praemisso
1312 741 1506 805 fratre
1551 741 1850 805 Africano
1882 740 2290 824 Amphissam
2338 740 2528 804 ducit.
2609 741 2730 805 sub

336 827 686 892 adventum
734 847 947 892 eorum
994 827 1297 910 oppidani
1342 827 1563 891 relicta
1607 827 1763 891 urbe
1822 866 1908 873 ——
1953 827 2082 890 iam
2129 827 2300 891 enim
2361 846 2599 909 magna
2644 845 2732 890 ex

337 920 515 996 parte
561 914 892 978 moenibus
938 913 1175 977 nudata
1222 921 1356 977 erat
1401 952 1489 959 —
1532 914 1596 976 in
1643 933 1874 993 arcem,
1923 933 2111 995 quam
2158 912 2732 996 inexpugnabilem

336 1000 595 1079 habent,
643 1019 863 1064 omnes
908 1000 1132 1063 armati
1178 1007 1369 1081 atque
1414 1000 1690 1064 inermes
1737 1019 2124 1064 concessere.

267 1097 300 1142 4
547 1086 780 1150 Consul
826 1105 940 1150 sex
986 1085 1160 1148 milia
1204 1085 1337 1150 fere
1385 1105 1685 1170 passuum
1730 1085 1879 1150 inde
1935 1086 2146 1169 posuit
2201 1090 2423 1149 castra.
2518 1104 2593 1148 eo
2648 1084 2732 1148 le-
2784 1105 2850 1150 10

336 1172 471 1254 gati
524 1171 950 1236 Athenienses
1005 1171 1276 1254 primum
1331 1171 1413 1234 ad
1458 1172 1527 1235 P.
1565 1171 1925 1254 Scipionem
1982 1191 2422 1255 praegressum
2470 1189 2728 1252 agmen,

338 1259 500 1322 sicut
542 1265 693 1322 ante
739 1258 976 1323 dictum
1023 1263 1135 1338 est,
1185 1257 1417 1321 deinde
1462 1257 1546 1321 ad
1594 1258 1915 1323 consulem
1947 1264 2279 1337 venerunt,
2311 1257 2733 1338 deprecantes

270 1354 301 1401 5
340 1365 452 1428 pro
518 1345 775 1409 Aetolis.
870 1345 1241 1408 clementius
1311 1364 1682 1426 responsum
1751 1345 1832 1407 ab
1885 1344 2195 1408 ,Africano
2255 1344 2550 1422 tulerunt,
2620 1343 2734 1424 qui

339 1451 596 1495 causam
641 1430 1040 1512 relinquendi
1088 1430 1350 1494 honeste
1395 1430 1664 1494 Aetolici
1711 1430 1859 1494 belli
1908 1450 2219 1512 quaerens
2264 1430 2484 1494 Asiam
2531 1435 2595 1493 et
2639 1448 2737 1492 re·

336 1537 483 1598 gem
530 1517 911 1581 Antiochum
960 1517 1307 1599 spectabat,
1355 1517 1749 1597 iusseratque
1793 1517 2220 1581 Athenienses
2265 1535 2394 1579 non
2425 1515 2735 1580 Romanis
2787 1540 2851 1585 15

336 1602 556 1682 solum,
604 1609 675 1665 ut
718 1623 944 1686 pacem
992 1602 1155 1666 bello
1201 1602 1614 1684 praeferrent,
1664 1602 1775 1666 sed
1824 1603 2015 1667 etiam
2046 1602 2292 1666 Aetolis
2321 1601 2730 1685 persuadere.

268 1701 299 1747 6
338 1688 625 1753 celeriter
685 1689 1045 1753 auctoribus
1104 1688 1605 1753 Atheniensibus
1671 1689 1969 1770 frequens
2031 1690 2112 1752 ab
2175 1689 2436 1770 Hypata
2495 1688 2735 1769 legatio

336 1775 700 1838 Aetolorum
744 1775 954 1858 venit;
1005 1780 1067 1838 et
1113 1794 1291 1873 spem
1335 1775 1514 1858 pacis
1561 1775 1653 1838 eis
1699 1795 1904 1840 sermo
1953 1775 2143 1838 etiam
2189 1773 2494 1853 Africani,
2540 1793 2735 1854 quem

336 1861 607 1942 priorem
652 1826 965 1941 adieiunt⁷,
1012 1861 1212 1939 auxit,
1262 1862 1812 1925 commemorantis
1874 1861 2105 1925 multas
2166 1867 2393 1943 gentes
2440 1860 2734 1942 populos·

338 1966 461 2045 que
507 1947 572 2009 in
618 1947 930 2030 Hispania
974 1947 1168 2029 priUS,
1217 1946 1449 2010 deinde
1495 1948 1562 2010 in
1607 1947 1825 2011 Africa
1869 1948 1935 2010 in
1981 1946 2173 2011 fidem
2219 1966 2399 2010 suam
2444 1947 2732 2010 venisse:
2780 1969 2852 2015 20

337 2033 404 2095 in
450 2033 742 2097 omnibus
789 2052 857 2097 se
902 2033 1143 2097 maiora
1188 2033 1564 2096 clementiae
1624 2033 2163 2115 benignitatisque
2224 2052 2417 2114 quam
2476 2031 2733 2096 virtutis

270 2130 299 2178 7
338 2119 604 2183 bellicae
648 2127 1058 2184 monumenta
1101 2119 1447 2202 reliquisse.
1543 2120 1828 2203 perfecta
1872 2118 2209 2184 videbatur
2253 2138 2375 2199 reS,
2424 2137 2568 2182 cum
2602 2117 2733 2182 adi-

337 2212 439 2270 tus
487 2207 705 2270 consul
748 2205 919 2271 idem
964 2206 1121 2271 illud
1166 2226 1540 2289 responsum
1597 2207 1858 2286 rettulit,
1922 2226 2045 2288 quo
2106 2205 2310 2288 fugati
2371 2205 2453 2269 ab
2502 2212 2732 2269 senatu

338 2299 534 2356 erant.
630 2313 704 2356 eo
751 2300 1076 2374 tamquam
1123 2312 1287 2357 novo
1337 2313 1478 2356 cum
1525 2293 1632 2356 icti
1676 2293 1886 2356 Aetoli
1933 2298 2147 2356 essent
2211 2330 2294 2338 —
2353 2291 2511 2370 nihil
2559 2292 2734 2356 enim

549 2487 592 2537 1.
632 2482 897 2535 tredecim
935 2483 1225 2551 Siqoniu35
1258 2481 1437 2534 tribus
1476 2482 1587 2537 cod.
1616 2481 1703 2549 (B)
1728 2488 1777 2535 et
1813 2482 1893 2536 ed.
1919 2487 2013 2536 vet.
2048 2482 2055 2548 Ι
2087 2484 2135 2535 2.
2174 2480 2283 2534 iam
2319 2480 2464 2533 enim
2500 2479 2573 2548 B,
2622 2479 2732 2533 iam

337 2568 453 2622 cod.
488 2586 588 2624 rec.
622 2575 670 2622 et
714 2570 799 2623 ed.
837 2575 932 2623 vet.
965 2571 974 2634 1
1021 2567 1079 2620 in
1132 2567 1256 2620 sinu
1307 2567 1542 2621 Maliaco
1597 2571 1718 2620 erat
1772 2569 1910 2623 coni.
1956 2569 2332 2623 Weissenborn
2378 2568 2457 2621 ed.
2504 2568 2736 2621 Weidm.

328 2671 391 2722 p.
426 2658 531 2708 167
573 2656 700 2708 adn.
711 2675 731 2721 ;
774 2654 832 2706 in
877 2653 1055 2706 sinum
1100 2653 1396 2707 Maliacum
1451 2658 1681 2707 venerat
1725 2656 1806 2709 ed.
1842 2656 1973 2708 Par.
2010 2657 2151 2708 1510
2207 2659 2258 2707 et
2310 2670 2432 2721 seq„
2476 2651 2534 2704 in
2591 2653 2738 2706 sinu-

334 2740 568 2794 maliaco
620 2744 852 2793 uenerat
906 2742 1020 2795 eod.
1066 2741 1154 2807 (B)
1201 2748 1250 2795 et
1296 2743 1374 2796 ed.
1411 2742 1713 2809 antiquiss,
1753 2744 1822 2808 ef.
1861 2743 2061 2809 ephem.
2097 2742 2286 2795 Austr.
2324 2743 2473 2793 1892.
2515 2740 2523 2806 Ι
2562 2741 2613 2794 3.
2657 2739 2735 2791 hi·

336 2827 469 2894 pata
505 2826 566 2880 B.
599 2830 607 2893 Ι
639 2825 855 2879 iuberet
890 2826 952 2879 B.
987 2828 994 2891 Ι
1025 2829 1074 2880 4.
1111 2826 1278 2880 nichil
1316 2829 1438 2894 (sie)
1475 2841 1799 2893 responsum
1845 2831 1932 2879 est
1976 2827 2038 2894 B,
2083 2841 2413 2894 responsum
2461 2829 2548 2879 est
2594 2825 2733 2878 nihil

339 2914 454 2967 cod.
490 2929 590 2967 ree.
625 2920 675 2967 et
719 2913 799 2966 ed.
834 2919 930 2966 vet.
962 2914 971 2972 Ι
1005 2917 1052 2967 5.
1090 2912 1337 2980 amphisa
1382 2912 1446 2965 B.
1482 2913 1490 2979 Ι
1523 2915 1570 2965 6.
1607 2911 1871 2965 affricano
1907 2912 1969 2965 B.
2002 2914 2010 2978 Ι
2042 2907 2405 2979 Amphissam
2451 2909 2608 2963 ducit
2657 2913 2740 2965 ed.

340 2999 517 3052 Basil.
544 3001 710 3059 1535;
748 2997 1138 3065 amplissimam
1175 2998 1330 3051 ducit
1361 2998 1424 3065 B,
1462 2997 1862 3065 amplissimum
1898 3013 2098 3066 agmen
2136 2997 2288 3051 ducit
2313 2999 2427 3054 cod.
2453 3014 2555 3052 ree.
2582 3004 2633 3051 et
2658 2999 2742 3051 ed.

341 3091 438 3139 vet.
472 3085 480 3149 Ι
513 3087 560 3139 8.
599 3083 887 3138 moenibus
923 3083 1132 3137 nudata
1168 3084 1240 3152 B,
1285 3084 1497 3137 nudata
1534 3083 1824 3137 moenibus
1863 3085 1977 3140 cod.
2004 3102 2103 3139 ree.
2131 3091 2180 3138 et
2216 3086 2295 3138 ed.
2321 3090 2417 3138 vet.
2450 3086 2459 3149 Ι
2494 3087 2575 3138 10.
2615 3098 2745 3136 con-

342 3169 429 3222 sul
466 3169 536 3237 M,
574 3171 782 3237 Aldus;
826 3188 927 3225 om.
963 3172 1054 3224 rel.
1092 3172 1205 3225 cod.
1241 3170 1328 3237 (B)
1364 3177 1413 3224 et
1448 3171 1528 3224 ed.
1557 3172 1839 3239 antiquiss.
1875 3173 1882 3237 Ι
1915 3186 2014 3223 sex
2050 3170 2201 3223 milia
2235 3170 2282 3223 B
2320 3176 2368 3224 et
2404 3170 2483 3223 ed.
2511 3176 2628 3237 vet„
2667 3173 2741 3237 cf.

342 3258 423 3309 M.
451 3257 684 3311 Mueller
710 3274 902 3326 proqr.
933 3257 1175 3311 Stendal.
1202 3260 1342 3309 1888
1372 3275 1427 3325 p.
1454 3261 1513 3323 9,·
1556 3255 1628 3310 ab
1667 3272 1765 3309 sex
1801 3256 2023 3309 milibus
2059 3256 2130 3323 M,
2170 3258 2354 3322 Hertz,
2391 3257 2646 3325 Madviy,
2685 3255 2743 3308 in

341 3358 439 3395 sex
476 3342 624 3395 milia
649 3345 764 3397 cod.
793 3361 893 3397 ree.
921 3343 1086 3407 (Lov.
1111 3347 1163 3409 2,
1196 3344 1387 3409 Voss),
1425 3347 1637 3410 septem
1674 3343 1823 3396 milia
1848 3345 1986 3398 coni.
2008 3344 2386 3398 Weissenborn
2405 3343 2484 3396 ed.
2508 3343 2746 3397 Weidm.

333 3447 395 3498 p.
420 3434 527 3483 168
549 3431 678 3483 adn.
711 3432 720 3495 1
756 3433 834 3484 17.
863 3428 934 3481 ab
960 3428 1190 3496 Hypata
1216 3429 1286 3496 M,
1312 3431 1494 3484 Aldus
1504 3451 1522 3497 ,·
1557 3429 1629 3483 ad
1665 3428 1932 3497 hypatam
1970 3431 2088 3484 cod.
2112 3447 2212 3484 rec.
2238 3436 2288 3483 et
2323 3430 2403 3483 ed.
2430 3430 2746 3502 antiqui-sa,

342 3534 445 3571 om.
471 3515 533 3568 B.
568 3518 576 3580 1
610 3519 689 3571 18.
728 3515 1064 3569 Aetolorum
1101 3534 1202 3571 om.
1231 3515 1322 3569 M?
1354 3519 1362 3581 1
1397 3520 1477 3571 19.
1507 3515 1854 3583 populosque
1891 3520 1949 3567 et
1983 3515 2040 3567 in
2075 3513 2329 3583 hispania
2365 3513 2437 3567 M.
2472 3514 2479 3580 Ι
2511 3517 2595 3569 22.
2625 3529 2748 3581 per·

341 3601 490 3654 fecta
526 3601 749 3654 uirtutis
788 3600 1086 3654 uidebatur
1131 3617 1220 3655 res
1257 3602 1318 3655 B.
1354 3603 1361 3669 Ι
1393 3605 1476 3657 23.
1516 3601 1732 3654 rettulit
1766 3601 1975 3668 (retulit
2011 3602 2077 3668 B)
2113 3603 2229 3657 eod.
2255 3609 2305 3656 et
2341 3602 2421 3655 ed.
2447 3607 2544 3655 vet.
2556 3620 2577 3667 ‚·
2622 3601 2748 3653 red-

341 3686 483 3740 didit
528 3690 640 3743 Iac.
672 3688 983 3744 Gronovius
1023 3692 1169 3756 (cum
1215 3687 1365 3741 adito
1412 3687 1637 3740 consule
1682 3686 1828 3739 idem
1871 3702 2200 3754 responsum
2245 3686 2554 3739 retulerunt
2599 3689 2746 3742 coni.

350 3774 611 3841 Vossius).
646 3776 654 3840 Ι
