2925 4278
320 137 358 197 ’2
818 151 1042 203 LIBER
1078 150 1346 205 XXXVI.
1386 151 1552 204 CAP.
1594 154 1639 205 1.
1679 154 1727 205 2.
1769 152 1836 219 [a.
1878 150 1941 205 U.
1981 167 2025 204 c.
2065 152 2204 219 563].

319 326 712 407 habuissent,
768 326 1036 389 alterum
1069 332 1139 390 ut
1184 326 1459 389 mitteret
1491 327 1776 405 Romam,
1826 345 2065 408 eaeque
2096 326 2379 390 urbanae
2424 326 2711 410 legiones

321 421 533 477 essent
577 419 839 495 paratae
885 433 1008 493 quo
1054 419 1312 476 senatus
1359 412 1726 476 censuisset.

527 500 610 562 II.
660 500 775 564 His
821 499 910 562 ita
941 500 1006 563 in
1039 505 1281 578 senatu,
1331 498 1576 560 incerto
1607 497 1692 561 ad
1724 498 1809 579 id,
1858 518 2021 580 quae
2053 498 2351 582 cuiusque
2384 500 2714 582 provincia

252 610 280 653 ἰ»
319 586 500 665 foret,
535 585 824 667 decretis,
857 592 989 650 tum
1021 584 1276 650 demum
1310 585 1512 650 sortiri
1546 587 1836 649 consules
1874 586 2125 667 placuit.
2184 586 2389 649 Acilio
2423 586 2711 667 Graecia,

297 672 611 751 vCornelio
658 673 842 736 Italia
888 673 1120 737 evenit.
1185 678 1356 737 certa
1400 671 1632 736 deinde
1681 680 1846 737 sorte
1887 679 2146 736 senatus
2188 673 2541 736 consultum
2586 673 2712 737 fac·
2788 701 2818 745 5

319 766 452 822 tum
509 766 622 838 est,
686 758 856 841 quod
910 760 1179 842 populus
1234 760 1559 824 Romanus
1616 779 1690 823 eo
1746 765 2030 841 tempore
2091 758 2369 823 duellum
2423 759 2711 824 iussisset

320 866 459 910 esse
506 866 648 908 cum
694 866 844 928 rege
890 844 1201 909 Antiocho
1247 845 1480 927 quique
1525 846 1642 910 sub
1688 844 1952 928 imperio
1999 846 2134 909 eius
2181 851 2412 925 essent,
2461 853 2529 909 ut
2575 846 2712 911 eius

317 933 409 995 rei
456 951 648 995 causa
694 932 1218 1015 supplicationem
1265 932 1650 1015 imperarent
1697 931 2004 1010 consules,
2052 932 2271 1013 utique
2316 932 2420 995 M'.
2470 933 2711 997 Acilius

320 1018 537 1081 consul
582 1017 764 1083 ludos
817 1039 1084 1100 magnos
1129 1019 1268 1083 Iovi
1314 1025 1576 1083 voveret
1623 1025 1685 1082 et
1731 1017 1899 1083 dona
1943 1018 2028 1082 ad
2073 1019 2284 1082 omnia
2330 1019 2704 1101 pulvinaria.

252 1128 262 1142 ·
319 1105 383 1167 id
431 1111 648 1169 votum
694 1105 759 1168 in
805 1104 965 1168 haec
1011 1106 1225 1184 verba,
1275 1112 1621 1188 praeeunte
1654 1106 1720 1168 P.
1755 1104 1999 1168 Licinio
2055 1104 2352 1187 pontifice
2406 1105 2704 1183 maximO,
2753 1130 2818 1175 10

320 1191 537 1255 consul
592 1191 1011 1275 nuncupavit:
1072 1191 1165 1273 „si
1211 1190 1512 1271 duellum,
1570 1189 1740 1272 quod
1786 1211 1927 1255 cum
1982 1211 2132 1274 rege
2178 1191 2490 1254 Antiocho
2546 1192 2708 1255 sumi

318 1279 585 1360 populus
640 1278 842 1357 iussit,
898 1277 965 1340 id
1021 1298 1101 1341 ex
1159 1278 1476 1341 sententia
1529 1284 1789 1342 senatus
1848 1278 2189 1360 populique
2241 1278 2511 1340 Romani
2568 1297 2708 1341 con-

319 1365 553 1428 fectum
601 1365 735 1444 erit,
785 1371 918 1428 tum
964 1365 1099 1444 tibi,
1147 1364 1451 1448 Iuppiter,
1507 1364 1775 1446 populus
1829 1365 2152 1428 Romanus
2204 1362 2384 1427 ludos
2439 1383 2707 1445 magnos

319 1449 455 1513 dies
501 1449 723 1514 decem
785 1450 1113 1515 continuos
1172 1451 1383 1530 faciet,
1446 1449 1739 1531 donaque
1800 1449 1883 1513 ad
1929 1451 2140 1514 omnia
2199 1449 2556 1533 pulvinaria
2601 1448 2705 1512 da-

316 1536 551 1599 buntur
596 1536 676 1600 de
721 1537 1010 1619 pecunia,
1069 1544 1369 1617 quantam
1427 1543 1684 1601 senatus
1730 1535 2098 1601 decreverit.
2171 1536 2454 1617 quisquis
2508 1535 2701 1618 magi·
2747 1562 2813 1608 15

317 1629 549 1686 stratus
582 1643 688 1688 eos
734 1623 915 1687 ludos
946 1622 1198 1703 quando
1238 1624 1475 1704 ubique
1506 1622 1688 1702 faxit,
1736 1623 1802 1686 hi
1848 1622 1978 1686 ludi
2024 1631 2194 1687 recte
2225 1623 2380 1686 iacti
2411 1621 2705 1704 donaque

315 1708 468 1772 data
510 1715 681 1772 recte
730 1710 974 1773 sunt0.“
1049 1709 1424 1793 supplicatio
1471 1710 1620 1773 inde
1665 1710 1746 1772 ab
1795 1709 2043 1774 duobus
2090 1709 2451 1774 consulibus
2499 1708 2706 1773 edicta

314 1815 428 1878 per
473 1794 733 1859 biduum
783 1796 918 1859 fuit.

525 1882 905 1947 Consulibus
959 1882 1191 1946 soltitis
1244 1883 1606 1965 provincias
1653 1883 1973 1965 extemplo
2020 1889 2082 1946 et
2127 1887 2449 1965 praetores
2504 1882 2705 1947 sortiti

314 1975 477 2033 sunt.
541 1969 624 2032 M.
660 1969 842 2032 Iunio
872 1969 1065 2032 Bruto
1111 1968 1457 2033 iurisdictio
1489 1976 1755 2050 utraque
1805 1969 2037 2048 evenit,
2079 1969 2153 2031 A.
2191 1968 2482 2034 Cornelio
2513 1968 2703 2032 Mam·
2743 1995 2814 2041 20

314 2055 520 2120 mulae
562 2055 811 2135 Bruttii,
857 2056 939 2118 M.
974 2055 1244 2119 Aemilio
1275 2055 1517 2139 Lepido
1551 2056 1783 2136 Sicilia,
1831 2057 1900 2119 L.
1944 2055 2150 2138 Oppio
2197 2055 2536 2120 Salinatori
2567 2055 2704 2119 Sar—

313 2141 506 2223 dinia,
558 2144 626 2207 C.
663 2142 844 2206 Livio
878 2143 1214 2207 Salinatori
1262 2143 1500 2223 classiS,
1548 2144 1617 2206 L.
1653 2143 1924 2206 Aemilio
1955 2143 2152 2207 Paulo
2198 2141 2510 2226 Hispania
2555 2143 2705 2207 ulte·

311 2229 452 2292 rior.
513 2229 613 2294 his
653 2230 741 2293 ita
772 2229 1088 2294 exercitus
1135 2227 1398 2293 decreti:
1448 2230 1523 2293 A.
1562 2230 1851 2295 Cornelio
1898 2229 2048 2293 novi
2080 2229 2330 2310 milites,
2367 2228 2703 2312 conscripti

310 2315 515 2398 priore
560 2336 729 2380 anno
763 2336 844 2379 ex
890 2322 1149 2380 senatus
1190 2317 1475 2380 consulto
1519 2337 1560 2380 a
1598 2317 1667 2379 L.
1706 2315 2001 2391 Quinctio
2034 2316 2308 2396 consule,
2357 2314 2489 2379 dati
2537 2322 2701 2395 sunt,

312 2402 646 2485 iussusque
714 2402 875 2466 tueri
946 2422 1200 2465 omnem
1270 2423 1443 2466 oram
1516 2403 1682 2466 circa
1740 2404 2086 2467 Tarentum
2145 2401 2697 2485 Brundisiumque.
2741 2431 2810 2477 25

313 2489 381 2551 L.
417 2488 688 2553 Aemilio
719 2489 913 2552 Paulo
945 2489 1008 2551 in
1041 2488 1398 2553 ulteriorem
1431 2488 1829 2571 Hispaniam,
1872 2496 2123 2571 praeter
2154 2508 2298 2552 eum
2331 2488 2698 2568 exercitum,

312 2595 501 2655 quem
567 2596 606 2638 a
661 2576 741 2638 M.
800 2575 1024 2639 Fulvio
1079 2577 1452 2659 proconsule
1513 2582 1886 2659 accepturus
1947 2582 2135 2655 esset,
2206 2574 2529 2638 decretum
2585 2580 2699 2654 est,

310 2669 378 2723 ut
424 2681 730 2725 novorum
777 2662 1044 2726 militum
1099 2662 1219 2725 tria
1265 2663 1439 2726 milia
1494 2661 1752 2727 duceret
1809 2669 1870 2741 et
1925 2668 2239 2726 trecentos
2286 2661 2551 2742 equiteS,
2610 2660 2701 2724 ita

310 2754 378 2809 ut
422 2748 488 2811 in
533 2748 613 2812 iis
659 2746 823 2811 duae
869 2755 1082 2830 partes
1128 2749 1365 2812 socium
1397 2749 1610 2812 Latini
1656 2749 1948 2828 nominis,
1996 2749 2183 2812 tertia
2214 2747 2445 2811 civium
2477 2748 2700 2810 Roma-

310 2853 530 2898 norum
577 2840 762 2899 esset.
834 2832 1003 2898 idem
1049 2835 1475 2917 supplementi
1520 2835 1603 2899 ad
1651 2836 1718 2899 C.
1768 2835 2170 2914 Flaminium,
2219 2833 2319 2897 cui
2364 2833 2698 2917 imperium
2737 2862 2806 2908 30

519 3029 563 3079 1.
585 3024 819 3076 Romam
844 3042 943 3079 om.
965 3023 1028 3076 B.
1059 3024 1064 3093 Ι
1096 3027 1142 3078 3.
1164 3024 1376 3077 incerto
1398 3024 1471 3077 ad
1488 3024 1546 3077 id
1567 3027 1724 3079 Koch
1732 3045 1751 3091 ;
1772 3023 1842 3077 ad
1860 3024 1917 3077 id
1943 3026 2056 3080 cod.
2079 3033 2128 3079 et
2146 3026 2224 3079 ed.
2249 3031 2360 3090 vet„
2381 3022 2532 3077 haud
2552 3023 2623 3077 ad
2642 3023 2700 3077 id

307 3113 536 3181 Madviy
574 3113 698 3165 Em.
736 3112 803 3164 L.
835 3129 892 3179 p.
932 3115 1049 3178 518,
1086 3110 1300 3163 intento
1336 3110 1408 3163 ad
1444 3109 1502 3162 id
1540 3114 1930 3179 Weissenborn,
1969 3115 2038 3180 cf.
2078 3114 2157 3166 ed.
2206 3114 2432 3167 Weidm.
2463 3130 2522 3180 p.
2560 3117 2643 3167 87.
2687 3112 2694 3180 Ι

306 3212 449 3264 quae
485 3215 588 3252 om.
624 3197 688 3265 B,
725 3197 875 3264 quod
911 3199 989 3252 ed.
1029 3205 1153 3252 ante
1178 3199 1401 3252 Aldum.
1435 3200 1443 3263 Ι
1477 3197 1743 3265 cuiusque
1775 3199 2035 3266 Ruperti;
2070 3199 2228 3252 cuius
2265 3202 2380 3255 cod.
2414 3208 2464 3255 et
2495 3202 2573 3255 ed.
2600 3209 2695 3256 vet.

306 3285 450 3349 (eius
484 3286 562 3339 ed.
602 3286 734 3340 Par.
773 3289 948 3348 1510).
983 3288 989 3351 Ι
1021 3287 1069 3338 4.
1105 3284 1283 3337 sortiti
1320 3284 1382 3338 B.
1416 3288 1423 3348 Ι
1457 3289 1505 3339 6.
1545 3300 1611 3338 eo
1648 3290 1893 3352 tempore
1930 3304 2030 3340 om.
2060 3285 2122 3339 B.
2158 3290 2165 3352 Ι
2198 3285 2445 3339 duellum
2480 3286 2543 3355 B,
2580 3290 2697 3344 cod.

308 3389 404 3425 rec.
443 3377 491 3425 et
527 3372 606 3424 ed.
644 3379 761 3438 vet.,·
795 3371 1004 3424 bellum
1038 3371 1192 3438 M(?).
1246 3373 1254 3436 Ι
1294 3370 1550 3424 iussisset
1586 3385 1708 3424 esse
1745 3386 1869 3425 cum
1915 3385 2045 3439 rege
2083 3372 2367 3426 Antiocho
2404 3375 2549 3441 cod.;
2590 3374 2698 3427 ius-

306 3456 472 3510 sisset
507 3472 632 3509 cum
668 3472 800 3525 rege
837 3456 1120 3510 Antiocho
1157 3473 1279 3511 esse
1316 3460 1394 3512 ed.
1434 3465 1551 3524 vet„
1597 3457 1844 3511 iussisset
1888 3473 2015 3510 cum
2049 3473 2182 3527 rege
2220 3459 2506 3514 Antiocho
2542 3463 2592 3514 I.
2627 3462 2697 3515 F.

309 3545 632 3599 Gronovius.
667 3549 673 3607 Ι
706 3548 753 3600 8.
781 3544 872 3596 Μ’.
898 3546 1187 3612 Siyonins3
1223 3560 1291 3599 m.
1318 3547 1432 3600 cod.
1464 3552 1515 3600 et
1538 3547 1618 3600 ed.
1643 3553 1738 3599 vet.
1775 3556 1781 3608 Ι
1814 3549 1862 3600 9.
1890 3561 2122 3613 magnos
2147 3546 2307 3600 ludos
2326 3546 2387 3601 B.
2422 3550 2430 3613 Ι
2466 3549 2546 3600 10.
2566 3563 2697 3615 pon-

304 3630 440 3683 tifici
472 3629 534 3683 B.
569 3633 576 3697 Ι
613 3633 694 3685 13.
723 3630 827 3683 erit
860 3649 961 3686 om.
995 3630 1058 3683 B.
1091 3632 1099 3695 Ι
1130 3630 1331 3699 iupiter
1364 3631 1426 3685 B.
1460 3634 1469 3697 Ι
1505 3634 1585 3687 14.
1616 3631 1876 3685 continuo
1900 3632 1962 3685 B.
1996 3634 2004 3699 Ι
2036 3635 2120 3687 24.
2155 3632 2203 3685 ἃ
2238 3633 2271 3686 l.
2307 3632 2552 3700 quinctio
2581 3633 2643 3688 B.
2687 3633 2693 3702 Ι

303 3719 387 3770 27.
418 3731 628 3784 procos.
649 3717 711 3782 B,
737 3721 1093 3787 propraetore
1119 3719 1198 3771 ed.
1225 3719 1402 3773 Basil.
1430 3722 1585 3786 1535,
1621 3723 1872 3786 praetore
1896 3723 1934 3772 2
1958 3720 2071 3774 cod.
2097 3737 2196 3774 rec.
2232 3720 2239 3784 Ι
2273 3723 2358 3772 est
2381 3719 2460 3787 M,
2504 3739 2606 3776 om.
2634 3722 2696 3775 B.

303 3805 417 3859 cod.
445 3821 544 3859 rec.
574 3811 623 3859 et
658 3806 735 3859 ed.
764 3812 860 3859 vet.
895 3806 903 3870 Ι
