2925 4278
367 127 488 191 108
842 145 1067 198 LIBER
1102 145 1399 200 xxxvn.
1438 145 1604 201 CAP.
1632 150 1714 202 52.
1741 150 1823 202 53.
1865 148 1936 215 [a.
1965 147 2029 201 U.
2057 163 2101 200 ο.
2130 148 2269 216 564]-

362 341 485 402 quo
532 320 740 384 minus
786 319 995 384 dicere
1040 320 1247 403 ipsum
1292 320 1615 404 iuberent;
1678 327 1759 401 et,
1807 340 1948 384 cum
2004 320 2391 402 aliquamdiu
2452 320 2596 385 hinc
2646 321 2724 383 in-

362 407 692 490 dulgentia
735 407 884 470 hinc
930 406 1240 471 modestia
1284 408 1448 471 inter
1494 409 1929 490 permittentes
1990 408 2054 471 in
2101 408 2305 472 vicem
2367 428 2491 472 non
2538 407 2727 489 magis

367 502 585 558 mutua
630 514 821 575 quam
864 494 1302 577 inexplicabili
1347 494 1651 558 facilitate
1699 502 2002 559 certatum
2051 503 2235 573 esset,
2290 495 2604 559 Eumenes
2657 513 2728 556 ex

264 604 327 650 io
367 582 599 664 templo
656 581 949 646 excessit.
1043 588 1301 645 senatus
1360 582 1423 643 in
1492 580 1716 645 eadem
1776 588 2058 665 perstare
2118 581 2450 660 sententia,
2513 588 2581 644 ut
2638 580 2731 643 ab·

366 668 623 748 surdum
681 688 820 732 8888
881 666 1121 730 diceret
1179 667 1470 749 ignorare
1530 687 1765 750 regem,
1824 667 1975 748 quid
2037 687 2298 750 sperans
2358 674 2465 731 aut
2524 675 2734 751 petens
2790 687 2811 733 5
2876 732 2881 743 ,

365 754 640 839 venerit3
690 774 853 835 quae
898 753 1375 818 accommodata
1419 774 1616 837 regno
1663 775 1775 818 suo
1823 755 1967 834 sint,
2014 755 2221 838 ipsum
2267 754 2503 838 optime
2551 754 2735 835 scire3

364 843 584 906 Asiam
642 841 828 923 longe
896 840 1119 905 melius
1179 860 1367 921 quam
1430 848 1719 905 senatum
1782 861 2001 924 nosse3
2064 839 2490 905 revocandum
2557 841 2735 922 igitur

302 949 327 994 1
369 935 432 993 et
477 927 852 1009 cogendum,
901 947 1063 1007 quae
1109 927 1299 991 vellet
1345 947 1633 1009 quaeque
1680 929 1957 1007 sentiret,
1992 948 2378 1011 expromere.
2428 927 2598 991 LIII.
2631 928 2732 990 Re-

367 1014 593 1078 ductus
638 1034 678 1077 a
722 1022 1008 1097 praetore
1053 1014 1119 1077 in
1167 1014 1467 1096 templum
1513 1034 1628 1077 rex
1675 1022 1738 1078 et
1782 1014 1991 1078 dicere
2046 1015 2254 1079 iussus
2321 1032 2736 1097 „perseveras-

367 1101 540 1165 sem“
591 1101 794 1182 inquit
846 1108 1112 1181 „tacere,
1160 1101 1763 1184 patresconscripti,
1796 1101 1919 1165 nisi
1950 1099 2337 1165 Rhodiorum
2368 1101 2736 1184 legationem
2768 1119 2814 1165 10

367 1208 515 1251 mox
563 1195 895 1251 vocaturos
940 1207 1054 1251 vos
1101 1187 1345 1268 scirem,
1395 1194 1457 1251 et
1494 1187 1625 1251 ‘illis
1677 1187 1909 1251 auditis
1955 1187 2109 1251 mihi
2141 1189 2586 1252 necessitatem
2616 1186 2737 1251 fore

297 1296 330 1341 2
369 1274 640 1339 dicendi.
735 1294 897 1356 quae
945 1273 1198 1355 quidem
1246 1295 1320 1338 eo
1382 1273 1697 1338 difficilior
1757 1275 1955 1338 oratio
2002 1275 2137 1354 erit,
2187 1273 2352 1355 quod
2416 1294 2496 1338 ea
2549 1279 2739 1357 postu-

367 1362 496 1425 lata
542 1381 758 1425 eorum
803 1360 1012 1424 futura
1059 1367 1223 1440 sunt,
1271 1368 1340 1424 ut
1385 1382 1513 1425 non
1560 1362 1758 1425 solum
1804 1360 1978 1441 nihil,
2028 1360 2194 1442 quod
2243 1368 2463 1425 contra
2508 1380 2607 1424 me
2651 1360 2737 1436 sit,

369 1448 481 1511 sed
528 1469 608 1511 ne
656 1446 823 1528 quod
868 1446 952 1512 ad
998 1447 1169 1531 ipsos
1215 1447 1470 1529 quidem
1503 1449 1753 1531 proprie
1784 1449 2115 1530 pertineat,
2149 1455 2364 1531 petere
2397 1447 2737 1511 videantur.

298 1555 330 1600 3
368 1541 561 1617 agent
608 1535 777 1599 enim
824 1554 1079 1598 causam
1126 1534 1474 1598 civitatium
1524 1534 1926 1613 Graecarum,
1975 1541 2037 1598 et
2082 1534 2334 1598 liberari
2382 1555 2496 1599 eas
2542 1533 2738 1597 dicent
2772 1550 2816 1598 15

370 1619 617 1684 debere.
713 1640 835 1702 quo
882 1622 1236 1703 impetrato,
1286 1621 1387 1684 cui
1434 1620 1693 1686 dubium
1741 1627 1855 1699 est,
1904 1622 2053 1702 quin
2113 1629 2175 1685 et
2236 1642 2276 1684 a
2334 1622 2523 1685 nobis
2582 1639 2739 1683 aver-

370 1707 497 1771 suri
544 1707 670 1770 sint
715 1727 843 1770 non
890 1727 997 1771 eas
1043 1707 1228 1770 modo
1275 1708 1584 1786 civitates,
1647 1727 1810 1788 quae
1870 1707 2322 1788 liberabuntur,
2386 1707 2505 1771 sed
2567 1707 2739 1771 etiam

297 1815 333 1861 4
370 1800 617 1858 veteres
663 1793 1107 1876 stipendiarias
1154 1802 1419 1873 nostras,
1468 1795 1588 1894 ipsi
1634 1801 1849 1858 autem
1895 1802 2070 1858 tanto
2103 1795 2413 1877 obligatos
2444 1792 2738 1858 beneficio

373 1880 568 1943 verbo
614 1880 835 1958 socios
884 1901 951 1944 re
999 1900 1151 1944 vera
1195 1881 1556 1945 subiectos
1540 1881 1803 1964 1mperio
1836 1888 1900 1944 et
1929 1881 2239 1946 obnoxios
2271 1880 2553 1945 habituri
2585 1876 2737 1944 sint?

299 1988 333 2035 5
373 1973 455 2045 et,
504 1966 557 2030 si
602 1966 701 2031 dis
748 1968 970 2051 placet,
1020 1987 1160 2030 cum
1209 1967 1321 2043 has
1369 1974 1581 2031 tantas
1625 1988 1778 2050 opes
1823 1968 2233 2047 affectabunt,
2268 1967 2735 2032 d1ss1mulabunt
2760 1973 2808 2018 ⁰0

370 2053 498 2116 ulla
542 2060 721 2135 parte
768 2052 832 2116 id
878 2052 961 2115 ad
1008 2073 1075 2117 88
1121 2055 1468 2136 pertinere3
1517 2074 1630 2117 vos
1674 2053 1860 2118 modo
1907 2053 1970 2118 id
2019 2054 2243 2118 decere
2275 2061 2338 2117 et
2370 2054 2732 2119 conveniens

301 2161 334 2206 6
374 2160 512 2204 esse
557 2147 706 2205 ante
751 2139 939 2205 factis
984 2139 1215 2205 dicent.
1308 2139 1467 2205 haec
1512 2162 1625 2206 vos
1679 2162 1761 2211 ne
1807 2141 2082 2226 decipiat
2142 2141 2359 2220 oratic,
2423 2139 2736 2224 providen-

375 2226 522 2290 dum
579 2228 759 2292 vobis
807 2229 941 2307 erit,
989 2248 1153 2291 neve
1201 2249 1325 2291 non
1374 2229 1573 2292 solum
1635 2228 2053 2309 inaequaliter
2110 2229 2266 2292 alios
2329 2228 2599 2292 nimium
2655 2225 2741 2289 de-

372 2314 659 2414 primatis
707 2334 788 2378 ex
847 2314 1033 2379 sociis
1093 2314 1340 2393 vestris,
1402 2315 1560 2379 alios
1618 2323 1868 2397 praeter
1928 2313 2181 2378 modum
2245 2315 2585 2394 extollatis,
2646 2309 2745 2377 sed

321 2401 561 2464 etiam
608 2421 708 2481 ne,
758 2401 866 2483 qui
910 2400 1036 2464 adv
1040 2420 1215 2465 ersus
1262 2421 1374 2465 vos
1418 2422 1595 2465 arma
1639 2402 1913 2480 tulerint,
1961 2402 2025 2463 in
2074 2401 2329 2465 meliore
2392 2408 2564 2465 statu
2610 2400 2741 2474 sint,
2771 2403 2821 2452 25
2898 2425 2899 2456 ι

305 2510 334 2556 7
374 2507 564 2568 quam
613 2488 767 2552 socii
800 2495 864 2552 et
894 2487 1081 2551 amici
1112 2488 1324 2552 vestii.
1358 2486 1543 2589 'quod
1574 2486 1657 2550 ad
1690 2509 1790 2551 me
1836 2454 2081 2566 attinet,
2114 2488 2180 2550 in
2212 2488 2353 2553 aliis
2391 2489 2585 2552 rebus
2632 2504 2745 2549 ces-

373 2575 529 2638 sisse
574 2574 742 2637 intra
785 2574 977 2638 finem
1037 2575 1189 2638 iuris
1250 2575 1374 2638 mei
1436 2574 1691 2639 cuilibet
1754 2574 1954 2639 videri
2017 2575 2250 2653 malim,
2314 2594 2507 2655 quam
2569 2570 2746 2636 nimis

371 2661 776 2743 pertinaciter
843 2661 908 2723 in
978 2660 1322 2725 obtinendo
1391 2681 1465 2725 eo
1533 2659 1911 2743 tetendisse;
1993 2661 2058 2724 in
2129 2661 2472 2724 certamine
2544 2669 2746 2724 autem

372 2747 689 2811 amicitiae
736 2755 1004 2827 vestrae,
1056 2748 1535 2813 benevolentiae
1598 2768 1748 2829 erga
1793 2768 1924 2827 vos,
1972 2746 2242 2824 honoris,
2307 2747 2413 2828 qui
2476 2768 2518 2810 a
2574 2744 2746 2809 vobis

304 2857 336 2904 8
373 2832 727 2914 habebitur,
791 2835 1050 2898 minime
1112 2855 1316 2915 aequo
1377 2835 1588 2899 animo
1635 2835 1804 2898 vinci
1851 2854 2124 2917 possum.
2220 2834 2383 2896 hanc
2444 2853 2565 2917 ego
2626 2850 2746 2894 ma·
2777 2834 2828 2883 30

584 3027 630 3078 2.
664 3023 974 3092 pmittentis
1019 3025 1080 3077 B.
1116 3028 1122 3088 Ι
1156 3028 1204 3079 3.
1243 3040 1310 3077 ex
1354 3024 1560 3090 templo
1596 3024 1668 3090 B3
1716 3024 1920 3090 templo
1967 3025 2080 3078 cod.
2108 3041 2208 3079 ree.
2249 3031 2298 3077 et
2333 3025 2411 3077 ed.
2439 3031 2535 3077 vet.
2570 3022 2580 3091 Ι
2610 3024 2657 3074 4.
2694 3021 2751 3070 ut

374 3112 673 3166 absurdum
723 3127 845 3164 esse
892 3110 1072 3164 dicere
1118 3113 1251 3166 Lov.
1287 3117 1337 3177 3,
1383 3114 1439 3163 et
1484 3109 1784 3163 absurdum
1831 3125 1952 3163 8888
2003 3110 2182 3163 dicere
2228 3113 2339 3165 Iac.
2383 3111 2701 3164 Gronovius.
2741 3104 2747 3172 Ι

375 3203 421 3254 5.
468 3215 599 3267 rege
633 3199 698 3252 B.
732 3207 738 3257 ι
776 3201 853 3253 12.
893 3197 1044 3266 quod
1090 3213 1154 3250 ea
1200 3198 1270 3265 M,
1315 3199 1525 3262 Aldus3
1568 3196 1715 3264 quod
1762 3198 1875 3252 eod.
1911 3200 2150 3265 plerique
2197 3196 2284 3262 (B)
2330 3204 2378 3250 et
2423 3198 2502 3250 ed.
2530 3197 2702 3264 prior.
2740 3190 2745 3258 Ι

376 3289 455 3340 13.
494 3285 681 3337 futura
727 3285 835 3338 sint
882 3284 950 3335 M.
985 3288 991 3346 Ι
1029 3288 1106 3338 14.
1145 3284 1192 3336 8z
1230 3299 1297 3336 ne
1344 3283 1494 3351 quod
1539 3283 1600 3335 B.
1636 3288 1642 3344 Ι
1679 3286 1757 3338 16.
1796 3300 1829 3335 a
1876 3283 2036 3336 uobis
2084 3283 2144 3334 B.
2179 3285 2187 3350 Ι
2224 3288 2301 3339 18.
2340 3282 2445 3350 ipsi
2488 3283 2749 3342 Gelenius,

373 3374 453 3426 ed.
489 3374 666 3426 Basil.
703 3376 840 3424 1535
888 3371 1000 3439 (M‘?
1049 3373 1180 3425 Lov.
1215 3372 1336 3436 2Ῥ);
1391 3370 1498 3423 sibi
1543 3372 1656 3425 eod.
1687 3373 1931 3439 plerique
1975 3370 2062 3437 (B)
2120 3377 2168 3424 et
2222 3372 2297 3424 ed.
2343 3371 2655 3437 antiquiss,
2707 3363 2750 3416 Si

373 3460 508 3513 Lov.
544 3464 591 3512 6.
627 3463 634 3522 Ι
666 3461 749 3512 25.
789 3458 1033 3510 tulerunt
1077 3459 1209 3512 Lov.
1236 3463 1285 3522 3,
1326 3459 1553 3512 Crevier.
1590 3461 1596 3519 Ι
1628 3456 1683 3508 in
1733 3457 1866 3524 ΒΜ,
1913 3459 2121 3522 Aldus;
2165 3475 2265 3511 om.
2303 3458 2416 3512 cod.
2450 3474 2550 3510 ree.
2587 3461 2635 3507 et
2676 3451 2746 3505 ed.

374 3548 676 3614 antiquiss„
716 3547 760 3598 Ι.
785 3547 851 3599 F.
879 3546 1201 3599 Gronovius.
1236 3546 1243 3610 Ι
1277 3547 1357 3598 26.
1397 3550 1452 3597 et
1499 3544 1657 3596 amici
1706 3546 1910 3611 Aldu33
1955 3548 2052 3595 aut
2096 3543 2256 3596 amici
2303 3545 2415 3598 cod.
2454 3542 2540 3611 (B)
2585 3547 2632 3594 et
2674 3537 2745 3591 ed.

367 3635 541 3700 prior.
577 3635 583 3694 Ι
616 3632 669 3683 in
710 3631 831 3684 aliis
870 3631 940 3699 M,
979 3633 1187 3695 Aldus‚·
1231 3631 1284 3683 in
1331 3630 1416 3683 his
1454 3631 1541 3697 (B)
1577 3638 1674 3683 aut
1718 3630 1773 3681 in
1811 3630 1914 3682 hiis
1960 3632 2051 3685 rel.
2081 3632 2193 3685 eod.
2221 3637 2268 3684 et
2303 3631 2382 3683 ed.
2419 3629 2698 3696 antiquiss.
2737 3621 2744 3688 Ι

377 3721 457 3772 27.
497 3717 714 3770 mallem
751 3718 820 3770 M.
855 3722 860 3780 Ι
894 3721 976 3773 28.
1017 3733 1111 3770 808
1155 3716 1398 3770 tendisse
1434 3717 1496 3769 B.
1531 3720 1653 3782 129.
1692 3716 1964 3769 amicitiae
2010 3721 2230 3770 nostrae
2277 3717 2345 3769 M.
2380 3719 2386 3783 Ι
2419 3719 2500 3771 30.
2538 3711 2744 3766 minime

375 3821 409 3856 a
446 3820 721 3872 quoquam
758 3820 936 3872 aequo
975 3805 1153 3856 animo
1190 3805 1325 3859 Lov.
1355 3810 1402 3857 1.
1438 3806 1445 3869 Ι
1477 3803 1683 3871 possim
1720 3809 1753 3857 3
1789 3806 1901 3858 cod.
1929 3822 2026 3858 rec.
2057 3805 2267 3870 (Voss.)
2298 3803 2308 3870 Ι
