2925 4278
670 151 896 205 LIBER
932 151 1259 205 XXXVIII.
1298 150 1466 207 CAP.
1492 155 1539 206 2.
1580 152 1651 220 [a.
1682 151 1746 205 U.
1772 166 1817 203 c.
1844 152 1981 220 565J.
2394 135 2510 198 121

135 326 332 409 lippus
372 324 599 399 ,audita
642 323 999 390 defectione
1045 324 1468 391 Athamaniae
1516 346 1657 389 cum
1706 346 1820 390 sex
1853 325 2105 390 milibus
2136 331 2519 390 armatorum

137 412 450 495 profectus
494 412 740 495 ingenti
772 411 1093 476 celeritate
1140 412 1465 495 Gomphos
1496 412 1805 495 pervenit.
1897 412 1988 477 ibi
2032 413 2252 477 relicta
2283 413 2519 476 maiore

136 506 304 582 parte
353 498 671 563 exercitus
731 534 816 545 —
878 518 1086 579 neque
1147 498 1316 562 enim
1377 497 1460 562 ad
1521 504 1700 562 tanta
1744 498 1975 562 itinera
2028 498 2391 564 sufficerent
2435 535 2520 544 —

136 604 262 648 cum
315 584 565 649 duobus
610 584 867 649 milibus
912 584 1333 665 Athenaeum,
1383 584 1552 665 quod
1599 605 1793 649 unum
1841 605 1881 648 a
1924 584 2240 669 praesidio
2286 605 2400 650 suo
2428 603 2520 648 re-

84 692 106 735 5
139 678 374 736 tentum
440 670 664 751 fuerat,
732 671 1042 755 pervenit.
1134 670 1284 735 inde
1352 671 1662 755 proximis
1729 672 2053 754 temptatis
2123 691 2265 735 cum
2333 670 2519 735 facile

138 756 686 822 animadvertisset
732 764 944 821 cetera
988 757 1240 821 hostilia
1286 777 1447 837 esse,
1497 756 1821 841 Gomphos
1865 777 2194 840 regressus
2225 758 2521 822 omnibus

138 844 329 928 copiis
376 844 561 909 simul
629 843 695 907 in
756 843 1206 909 Athamaniam
1265 843 1447 907 redit.
1542 845 1879 908 Xenonem
1939 843 2091 909 inde
2154 864 2294 908 cum
2351 844 2520 909 mille

136 930 453 1013 peditibus
498 930 917 1014 praemissum
961 929 1345 1013 Aethopiam
1392 950 1704 1013 occupare
1761 930 1955 1010 iubet,
2019 937 2368 1014 opportune
2411 933 2521 993 Ar-

139 1017 388 1099 githeae
434 1017 904 1099 imminentem;
953 1036 1141 1098 quem
1188 1017 1297 1081 ubi
1343 1016 1546 1080 teneri
1592 1017 1672 1081 ab
1721 1016 1852 1081 suis
1896 1017 2103 1080 locum
2147 1016 2327 1097 vidit,
2383 1016 2520 1100 ipse

60 1122 107 1170 10
137 1104 293 1168 circa
341 1102 646 1185 templum
691 1103 862 1167 Iovis
908 1103 1135 1167 Acraei
1182 1103 1393 1187 posuit
1440 1110 1665 1167 castra.
1760 1103 1847 1166 ibi
1878 1124 2073 1167 unum
2121 1102 2288 1167 diem
2335 1102 2524 1167 foeda

137 1195 510 1273 tempestate
556 1195 858 1269 retentus,
906 1197 1158 1272 postero
1218 1187 1324 1253 die
1387 1187 1620 1253 ducere
1681 1188 1763 1253 ad
1810 1188 2182 1271 Argitheam
2230 1187 2520 1253 intendit.

137 1276 426 1341 euntibus
472 1276 794 1359 extemplo
841 1295 1194 1359 apparuere
1239 1275 1636 1340 Athamanes
1684 1276 1749 1339 in
1798 1276 2071 1339 tumulos
2116 1274 2523 1339 imminentes

135 1364 267 1428 viae
318 1361 758 1427 discurrentes.
851 1361 935 1425 ad
969 1381 1229 1443 quorum
1263 1368 1672 1445 conspectum
1704 1361 2042 1426 constitere
2073 1361 2277 1445 prima
2320 1360 2523 1443 signa,

135 1455 384 1531 totoque
429 1448 686 1530 agmine
731 1468 931 1531 pavor
977 1454 1040 1512 et
1083 1447 1419 1531 trepidatio
1467 1453 1639 1530 erat3
1689 1454 1752 1511 et
1784 1468 1895 1531 pro
1927 1467 1996 1512 se
2028 1447 2315 1528 quisque,
2347 1445 2524 1529 quid-

60 1554 107 1601 15
135 1555 274 1599 nam
321 1533 601 1598 futurum
648 1541 834 1613 esset,
885 1535 1182 1618 cogitare,
1230 1534 1282 1599 si
1316 1534 1378 1597 in
1412 1535 1614 1598 valles
1647 1534 1966 1598 subiectas
1996 1534 2260 1618 rupibus
2290 1553 2524 1616 agmen

139 1621 292 1686 foret
356 1620 721 1685 demissum.
815 1619 974 1686 haec
1035 1621 1436 1685 tumultuatio
1498 1640 1714 1703 regem
1776 1620 2156 1704 cupientem,
2221 1620 2272 1685 si
2320 1639 2389 1684 se
2436 1640 2527 1685 se-

141 1714 490 1790 querentur,
537 1708 768 1790 raptim
815 1706 1088 1772 evadere
1132 1707 1483 1789 angustias,
1530 1726 1830 1771 revocare
1876 1707 2111 1790 primos
2171 1712 2236 1770 et
2279 1704 2524 1785 eadem,

142 1814 258 1876 qua
301 1799 586 1874 venerat,
633 1793 741 1858 via
784 1792 1020 1858 referre
1066 1794 1275 1876 coegit
1329 1793 1531 1877 signa.
1624 1793 2017 1858 Athamanes
2061 1793 2263 1876 primo
2311 1812 2391 1856 ex
2437 1793 2526 1856 in·

140 1881 395 1946 tervallo
456 1879 651 1961 quieti
713 1880 1173 1964 sequebantur3
1244 1886 1581 1963 postquam
1642 1880 1850 1946 Aetoli
1911 1899 1980 1944 se
2044 1879 2524 1959 coniunxerunt,

64 1984 113 2032 20
142 1966 266 2045 hos,
312 1973 386 2031 ut
428 1968 511 2031 ab
558 1972 737 2048 tergo
783 1966 1024 2048 agmini
1069 1967 1397 2045 instarent,
1446 1966 1853 2047 reliquerunt,
1911 1965 2033 2049 ipsi
2096 1966 2177 2030 ab
2224 1965 2529 2029 lateribus

143 2073 204 2118 se
247 2052 807 2132 circumfuderunt,
854 2052 1113 2134 quidam
1175 2073 1289 2136 per
1340 2060 1525 2117 notas
1587 2053 1778 2118 calles
1839 2052 2128 2117 breviore
2189 2052 2295 2115 via
2352 2070 2529 2135 prae-

144 2141 332 2222 gressi
380 2139 684 2204 transitus
728 2137 1054 2220 insedere3
1119 2146 1493 2221 tantumque
1555 2141 1857 2203 tumultus
1916 2137 2372 2203 Macedonibus
2433 2143 2530 2203 est

143 2227 456 2306 iniectum,
503 2232 574 2290 ut
633 2226 824 2307 fugae
883 2226 1089 2307 magis
1151 2227 1391 2290 effusae
1449 2245 1637 2306 quam
1706 2226 1949 2290 itineris
2009 2223 2280 2289 ordinati
2340 2223 2528 2289 modo

145 2313 348 2379 multis
408 2311 603 2377 armis
663 2313 939 2393 virisque
1000 2312 1233 2377 relictis
1293 2311 1533 2376 fiumen
1594 2312 1970 2376 traiecerint.
2077 2310 2182 2374 hic
2240 2309 2385 2374 finis
2440 2330 2530 2375 se-

65 2418 114 2466 25
149 2398 372 2480 quendi
418 2398 557 2462 fuit.
647 2398 798 2462 inde
858 2404 992 2463 tuto
1052 2397 1434 2462 Macedones
1490 2396 1812 2480 Gomphos
1872 2403 1935 2461 et
1997 2417 2038 2460 a
2098 2396 2404 2480 Gomphis
2464 2396 2531 2460 in

146 2485 576 2551 Macedoniam
621 2484 961 2549 redierunt.
1053 2484 1449 2548 Athamanes
1495 2483 1833 2564 Aetolique
1863 2483 2247 2567 Aethopiam
2291 2481 2375 2547 ad
2406 2483 2531 2546 Xe-

148 2592 370 2636 nonem
414 2591 493 2636 ac
537 2570 709 2636 mille
754 2569 1137 2635 Macedonas
1200 2569 1653 2654 opprimendos
1713 2569 1995 2652 undique
2063 2575 2526 2634 concurrerunt.

345 2852 394 2905 2.
420 2846 623 2917 gonfos
648 2847 711 2901 Β.
742 2846 751 2910 Ι
784 2850 832 2901 3.
870 2846 942 2900 ad
966 2849 1122 2900 tanta
1145 2844 1343 2899 itinera
1367 2845 1514 2899 vires
1541 2846 1806 2915 Fuequer.
1841 2846 1849 2912 Ι
1882 2845 2231 2899 suffecissent
2254 2845 2325 2913 M,
2353 2846 2530 2914 Fueq-

147 2952 252 2988 ner.
284 2937 292 3003 Ι
321 2938 370 2990 4.
409 2934 631 2989 milibus
676 2952 779 2990 om.
821 2934 883 2987 Β.
917 2936 925 3000 Ι
957 2949 990 2986 a
1035 2951 1135 2989 om.
1165 2933 1226 2985 B.
1260 2934 1268 2997 Ι
1301 2936 1348 2987 7.
1386 2931 1515 2985 inde
1559 2932 1831 2985 Zenonem
1881 2931 1951 2986 M.
1987 2935 1994 2996 Ι
2027 2935 2075 2988 8.
2112 2931 2421 3000 aethiopam
2467 2930 2532 2999 B,

151 3021 382 3090 Alopam
418 3022 651 3091 Madvig]
685 3023 768 3089 (ut
802 3022 959 3090 iufra
994 3019 1032 3090 5
1069 3025 1138 3074 12
1173 3038 1238 3074 ex
1275 3019 1364 3085 M).
1397 3023 1405 3082 Ι
1437 3018 1597 3072 iubet
1633 3022 1940 3087 opportune
1985 3018 2204 3087 argytie
2254 3017 2534 3070 imminen-

153 3112 257 3161 tem
290 3110 352 3178 B,
388 3108 547 3163 iubet
591 3107 864 3161 tumulum
903 3105 1216 3174 Argitheae
1261 3104 1632 3159 imminentem
1678 3106 1851 3169 Cobet,
1897 3105 2055 3159 iubet
2091 3104 2400 3171 Argitheae
2435 3102 2535 3156 im-

151 3194 436 3249 minentem
474 3193 749 3247 tumulum
784 3194 884 3260 (vel
911 3191 1125 3258 collem)
1150 3193 1231 3246 M.
1252 3193 1486 3246 Mueller
1510 3194 1689 3261 praef.
1719 3210 1770 3259 p.
1792 3192 1903 3259 XI,
1929 3193 2022 3247 sed
2047 3193 2113 3260 ef.
2136 3192 2212 3244 H.
2234 3192 2281 3244 I.
2302 3190 2538 3244 Mueller

154 3298 272 3335 auu.
313 3283 497 3336 Berol.
531 3285 667 3334 1891
707 3297 768 3348 p.
803 3283 919 3333 169.
954 3280 962 3345 Ι
1003 3282 1051 3334 9.
1099 3279 1280 3331 locum
1333 3279 1434 3332 del.
1479 3278 1655 3333 Cobet.
1690 3279 1698 3345 Ι
1733 3281 1812 3332 10.
1858 3277 2002 3331 iouis
2045 3276 2191 3330 acrei
2239 3275 2426 3344 posuit
2462 3274 2535 3343 M,

155 3364 255 3420 ioui
292 3383 448 3422 sacra
484 3365 733 3434 inposuit
769 3366 830 3433 B,
865 3364 1008 3418 iouis
1055 3379 1212 3418 sacra
1247 3364 1438 3432 posuit
1475 3366 1587 3420 cod.
1614 3382 1714 3419 rec.
1734 3366 1997 3433 plerique,
2034 3362 2156 3415 Ioui
2192 3377 2407 3415 sacrum
2443 3377 2537 3430 po-

157 3453 257 3506 suit
288 3457 367 3510 ed.
393 3460 490 3509 vet.
526 3454 533 3520 Ι
568 3456 650 3509 11.
674 3453 943 3520 argiteam
975 3437 1037 3504 B.
1071 3454 1079 3516 Ι
1114 3454 1195 3507 12.
1231 3450 1567 3504 imminentis
1601 3450 1663 3504 B.
1697 3452 1706 3518 Ι
1742 3453 1821 3506 13.
1850 3451 2008 3518 signa
2043 3453 2275 3516 totoque
2300 3450 2536 3505 cod.ree.

157 3546 202 3593 et
230 3543 306 3595 ed.
332 3549 459 3608 vet.;
496 3539 778 3608 signatoq3
814 3537 878 3607 B,
915 3536 1155 3606 (signa‘?)
1192 3537 1579 3606 concitatoque
1618 3537 1687 3591 Μ.
1721 3541 1729 3604 1
1762 3539 1846 3592 23.
1874 3542 1937 3589 ut
1963 3555 2064 3593 om.
2089 3535 2152 3589 B.
2185 3538 2193 3604 Ι
2226 3538 2307 3591 24.
2334 3534 2539 3589 flumen

156 3627 260 3681 cod.
284 3645 384 3683 rec.
411 3634 461 3682 et
485 3628 565 3682 ed.
592 3632 689 3682 vet.
700 3645 720 3693 ,·
754 3643 856 3681 om.
882 3623 929 3677 B
976 3625 1128 3693 (post
1171 3621 1376 3676 flumen
1420 3641 1616 3679 nomeu
1662 3625 1904 3689 (luminis
1939 3624 2198 3678 excidisse
2232 3638 2378 3692 susp.
2415 3622 2537 3677 Cre-

156 3714 271 3780 vier,
317 3714 550 3783 Madvig
597 3713 720 3768 Em.
757 3713 826 3767 L.
863 3729 923 3781 p.
960 3712 1101 3777 540).
1136 3713 1144 3778 Ι
1184 3710 1445 3763 traiecert
1493 3709 1555 3777 B,
1608 3710 1925 3764 traiicerent
1975 3711 2230 3765 nonnulli
2284 3710 2400 3766 cod.
2434 3726 2535 3766 rec.

157 3799 302 3863 (Lov.
326 3802 400 3869 2).
434 3803 442 3866 Ι
474 3802 558 3855 26.
597 3801 739 3867 60ρέ
774 3798 820 3850 Β
856 3805 906 3852 et
940 3798 1187 3852 nonnull.
1215 3798 1331 3853 coel.
1356 3814 1458 3853 rec.
1485 3797 1708 3864 (Voss),
1746 3795 1962 3864 alopam
1999 3796 2066 3848 M.
2101 3800 2110 3861 Ι

2570 2068 2633 2115 10

2571 2327 2630 2375 11

2570 2500 2633 2549 12
