2925 4278
712 165 932 218 LIBER
972 165 1228 219 xxxvl.
1268 164 1433 219 CAP.
1472 169 1521 220 2.
1560 169 1607 220 3.
1647 168 1720 232 [a.
1758 166 1824 220 U.
1863 181 1908 220 c.
1947 168 2089 235 563}
2555 152 2594 214 3

209 339 674 423 prorogabatur,
723 338 787 402 in
834 338 1212 422 Hispaniam
1261 339 1614 403 citeriorem
1661 345 1758 404 est
1802 339 2082 405 missum.
2153 341 2234 404 M.
2286 340 2594 406 Aemilius
2635 364 2698 408 ιο

212 424 483 508 Lepidus
534 426 613 488 ab
660 425 731 488 L.
782 426 1054 505 Valerio,
1113 426 1213 489 cui
1261 445 1666 491 successurus
1714 432 1902 505 esset,
1960 426 2145 491 simul
2200 427 2592 509 provinciam

215 511 676 593 exercitumque
723 512 1012 595 accipere
1058 511 1294 595 iussus3
1342 513 1413 575 L.
1462 512 1807 592 Valerium,
1857 513 1911 577 si
1955 512 2047 576 ita
2091 513 2432 594 videretur,
2480 535 2593 598 pro
2637 537 2693 580 11

214 605 492 681 praetore
535 598 601 661 in
646 599 975 681 provincia
1019 599 1291 662 retinere
1339 605 1401 662 et
1444 598 1836 682 provinciam
1882 598 1973 662 ita
2002 598 2307 680 dividere,
2355 608 2422 664 ut
2465 621 2594 664 una

152 707 179 751 5
213 685 288 748 ab
318 685 664 768 Agrigento
709 683 793 747 ad
824 685 1199 767 Pachynum
1248 692 1435 765 esset,
1484 685 1685 749 altera
1730 706 1770 749 a
1814 685 2120 768 Pachyno
2150 685 2588 768 Tyndareum:

213 792 343 836 eam
396 771 778 835 maritimam
833 792 1005 835 oram
1059 772 1130 835 L.
1181 772 1473 836 Valerius
1526 772 1755 854 viginti
1808 772 2082 837 navibus
2134 773 2341 855 longis
2397 778 2594 837 custo-

210 858 379 923 diret.
468 857 674 921 eidem
735 859 1010 941 praetori
1079 858 1480 939 mandatum,
1553 865 1622 922 ut
1691 858 1850 922 duas
1920 857 2221 923 decumas
2290 859 2593 922 frumenti
2633 883 2696 926 12

209 946 513 1028 exigeret3
562 943 629 1007 id
673 944 757 1007 ad
788 956 960 1008 mare
991 943 1512 1028 comportandum
1546 944 2119 1027 devehendumque
2161 947 2225 1010 in
2261 945 2593 1009 Graeciam

209 1038 462 1095 curaret.
534 1030 706 1094 idem
751 1032 820 1095 L.
857 1031 1063 1115 Oppio
1112 1031 1191 1095 de
1237 1032 1452 1096 alteris
1500 1031 1783 1096 decumis
1815 1031 2152 1115 exigendis
2197 1032 2263 1095 in
2296 1032 2592 1097 Sardinia
2633 1055 2695 1099 13

116 1138 173 1185 10
208 1119 607 1201 imperatum3
657 1124 934 1182 ceterum
982 1139 1107 1195 non
1157 1118 1221 1183 in
1257 1118 1590 1184 Graeciam
1636 1116 1749 1182 sed
1781 1120 2048 1182 Romam
2094 1117 2159 1182 id
2207 1118 2593 1183 frumentum

207 1205 434 1288 portari
479 1205 749 1286 placere.
823 1205 890 1270 O.
941 1205 1160 1269 Livius
1212 1210 1485 1288 praetor,
1543 1205 1643 1268 cui
1690 1205 1908 1269 classis
1955 1212 2275 1285 evenerat,
2333 1206 2595 1288 triginta
2635 1226 2697 1271 14

208 1290 470 1355 navibus
514 1291 755 1374 paratis
799 1291 1061 1355 traicere
1107 1292 1173 1354 in
1221 1292 1555 1355 Graeciam
1601 1292 1801 1372 primo
1850 1311 2100 1372 quoque
2146 1298 2429 1374 tempore
2475 1292 2594 1355 ius-

208 1398 327 1458 sus,
375 1384 438 1441 et
468 1379 549 1441 ab
582 1377 775 1440 Atilio
815 1397 1015 1441 naves
1055 1378 1361 1460 accipere.
1420 1384 1669 1441 veteres
1698 1396 1917 1457 naves,
1967 1378 2228 1458 quaein
2259 1377 2593 1441 navalibus
2635 1399 2697 1443 15

209 1470 398 1544 erant,
446 1472 516 1527 ut
559 1462 848 1527 reficeret
895 1470 957 1527 et
1001 1471 1294 1544 armaret,
1343 1464 1424 1527 M.
1458 1464 1643 1526 Iunio
1689 1464 1963 1545 praetori
2008 1464 2337 1546 negotium
2375 1463 2593 1528 datum

116 1574 174 1620 15
212 1558 316 1630 est,
364 1558 427 1615 et
473 1550 538 1613 in
587 1570 729 1613 eam
774 1550 1042 1614 classem
1089 1551 1293 1615 socios
1340 1551 1604 1614 navales
1649 1549 1976 1615 libertinos
2021 1551 2278 1634 legeret.

405 1637 521 1700 III.
570 1635 796 1720 Legati
836 1637 998 1700 terni
1043 1636 1111 1700 in
1142 1637 1423 1700 Africam
1471 1635 1554 1700 ad
1588 1636 2147 1719 Carthaginienses
2179 1644 2241 1701 et
2279 1637 2346 1701 in
2377 1638 2593 1700 Numi·
2669 1660 2692 1703 1

210 1723 370 1786 diam
431 1722 514 1786 ad
576 1723 961 1787 frumentum
1023 1722 1395 1806 rogandum,
1467 1722 1635 1804 quod
1697 1723 1763 1786 in
1825 1723 2157 1787 Graeciam
2216 1730 2591 1806 portaretur,

207 1809 395 1890 missi,
450 1829 565 1892 pro
613 1829 736 1890 quo
782 1809 1055 1893 pretium
1113 1810 1382 1874 solveret
1437 1811 1707 1893 populus
1762 1811 2103 1874 Romanus.
2184 1809 2471 1891 adeoque
2526 1810 2594 1873 in
2667 1832 2696 1875 ι).

205 1903 576 1980 apparatum
624 1916 962 1979 curamque
1009 1897 1144 1960 eius
1190 1896 1340 1960 belli
1387 1896 1611 1960 civitas
1657 1897 1901 1959 intenta
1947 1897 2086 1976 fuit,
2136 1903 2204 1961 ut
2250 1897 2319 1959 P.
2366 1897 2593 1961 Corne-

104 2005 165 2052 20
204 1984 319 2048 lius
374 1983 594 2047 consul
648 1980 943 2063 ediceret,
1010 1983 1117 2063 qui
1177 1989 1502 2047 senatores
1559 1989 1773 2047 essent
1829 1983 2182 2064 quibusque
2241 1983 2308 2046 in
2370 1989 2593 2046 senatu
2668 2005 2695 2047 3

199 2069 578 2134 sententiam
626 2068 836 2132 dicere
880 2069 1116 2148 liceret,
1173 2069 1407 2151 quique
1454 2069 1732 2133 minores
1777 2070 2186 2153 magistratus
2234 2076 2464 2150 essent
2512 2088 2593 2132 ne

201 2158 339 2239 quis
387 2176 602 2221 eorum
646 2156 898 2239 longius
943 2157 1024 2220 ab
1073 2158 1229 2220 urbe
1260 2158 1461 2220 Roma
1505 2157 1729 2237 abiret,
1777 2177 1967 2239 quam
2014 2156 2185 2221 unde
2226 2156 2442 2221 eodem
2489 2156 2591 2221 die

196 2242 403 2308 redire
447 2248 680 2326 posset,
727 2262 892 2306 neve
938 2262 1064 2306 uno
1109 2249 1391 2342 tempore
1422 2243 1703 2324 quinque
1735 2249 2057 2307 senatores
2087 2244 2169 2307 ab
2202 2243 2359 2307 urbe
2390 2245 2592 2306 Roma

200 2330 517 2394 abessent.
603 2329 670 2392 in
732 2328 1160 2411 comparanda
1220 2330 1470 2429 inpigre
1532 2330 1736 2393 classe
1798 2330 1865 2395 O.
1926 2330 2178 2393 Livium
2240 2336 2591 2413 praetorem
2665 2352 2696 2395 4

98 2436 161 2484 25
201 2416 520 2481 contentio
566 2422 704 2479 orta
750 2435 893 2479 cum
938 2416 1176 2480 colonis
1221 2415 1552 2480 maritimis
1598 2415 1918 2499 paulisper
1964 2416 2183 2480 tenuit.
2256 2436 2404 2478 nam
2450 2435 2591 2479 cum
2665 2438 2694 2481 5

199 2509 575 2587 cogerentur
618 2502 686 2565 in
733 2503 1018 2582 classem,
1066 2502 1352 2566 tribunos
1382 2502 1556 2585 plebi
1586 2503 2014 2585 appellarunt;
2061 2502 2143 2566 ab
2190 2501 2270 2564 iis
2300 2500 2384 2564 ad
2416 2520 2592 2564 sena-

196 2599 333 2654 tum
378 2588 597 2653 reiecti
658 2595 822 2652 sunt.
903 2594 1162 2653 senatus
1206 2588 1314 2669 ita,
1370 2595 1439 2652 ut
1498 2587 1582 2651 ad
1637 2607 1833 2651 unum
1878 2607 2096 2652 omnes
2144 2587 2589 2667 consentirent,

196 2676 482 2740 decrevit
526 2675 925 2739 vacationem
986 2675 1079 2740 rei
1139 2674 1387 2739 navalis
1432 2674 1525 2739 eis
1572 2674 1810 2738 colonis
1869 2693 1996 2737 non
2058 2692 2214 2738 esse.
2296 2673 2475 2739 Ostia
2532 2680 2594 2737 et
2666 2693 2695 2738 6

411 2869 457 2920 1.
494 2865 550 2917 in
597 2864 906 2933 hispaniam
941 2864 1256 2917 ulteriorem
1291 2864 1338 2917 B
1376 2870 1425 2918 et
1460 2865 1717 2918 nonnulli
1753 2864 1867 2919 cod.
1906 2880 2005 2918 rec.
2051 2865 2059 2928 Ι
2100 2866 2150 2917 2.
2189 2862 2261 2916 ab
2297 2862 2360 2929 B,
2407 2866 2440 2915 5
2476 2864 2590 2917 cod.

194 2970 326 3018 rec.3
364 2968 399 3005 a
433 2954 524 3006 rel.
554 2953 667 3008 cod.
696 2958 745 3005 et
769 2953 846 3006 ecl.
875 2958 970 3005 vet.
998 2952 1090 3019 (cf.
1115 2952 1369 3019 Fueyner
1392 2951 1528 3004 Lex.
1556 2967 1617 3018 p.
1643 2951 1751 3015 14).
1785 2952 1793 3015 Ι
1826 2964 2180 3002 successurus
2216 2948 2263 3001 is
2301 2951 2451 3001 esset
2486 2947 2555 3001 M.
2583 2946 2588 3016 Ι

195 3044 244 3094 5.
283 3038 605 3107 phacynum
640 3037 702 3091 B.
755 3039 762 3103 Ι
811 3037 1069 3105 phacyno
1104 3037 1167 3089 B.
1209 3039 1217 3103 1
1260 3040 1307 3091 6.
1355 3052 1478 3089 eam
1515 3037 1592 3091 ed.
1633 3038 1884 3105 Moyunt.
1924 3035 2083 3105 (M?);
2118 3051 2244 3089 cum
2281 3038 2419 3102 (tum
2457 3035 2591 3089 Lov.

192 3127 253 3192 2)
289 3126 356 3193 B,
403 3126 518 3181 cod.
567 3142 667 3180 rec.
715 3132 765 3179 et
812 3127 892 3179 ed.
938 3131 1062 3179 ante
1110 3127 1365 3193 Moqwnt.
1413 3126 1421 3188 Ι
1472 3127 1520 3179 9.
1565 3122 1622 3175 in
1668 3121 1966 3175 sardiniam
2000 3121 2047 3174 B
2088 3125 2095 3189 Ι
2139 3126 2221 3177 11.
2267 3120 2495 3189 triginta
2531 3119 2592 3183 B,

196 3213 335 3268 Lov.
373 3216 426 3277 2,
465 3213 542 3267 ed.
584 3213 716 3267 Par.
764 3215 931 3278 1510;
974 3226 1007 3263 a
1052 3210 1282 3278 triginta
1327 3212 1441 3266 cod.
1480 3228 1580 3266 rec.
1632 3216 1682 3263 et
1726 3211 1805 3263 ed.
1844 3211 2148 3278 antiquiss,
2196 3223 2322 3261 cum
2365 3207 2595 3275 triginta

192 3300 451 3354 nonnull.
491 3300 602 3353 cod.
641 3316 761 3361 rec„
799 3299 878 3352 ecl.
920 3298 1145 3353 Mediol.
1185 3301 1338 3362 1505,
1377 3298 1508 3352 Par.
1548 3299 1703 3363 1513,
1742 3297 2148 3350 Drakenborch.
2191 3295 2198 3361 Ι
2243 3296 2321 3349 14.
2359 3293 2596 3347 reficiret

191 3385 256 3438 B.
310 3387 319 3451 Ι
373 3388 456 3439 15.
495 3388 552 3437 et
586 3385 643 3436 in
689 3385 768 3439 ed.
807 3386 985 3439 Basil.
1022 3387 1189 3451 1535‚·
1233 3387 1296 3435 ut
1339 3382 1397 3435 in
1441 3383 1513 3449 M,
1559 3381 1616 3435 in
1650 3381 1714 3446 B,
1760 3383 1875 3435 cod.
1911 3398 2011 3436 rec.
2051 3388 2102 3435 et
2135 3382 2215 3437 ed.
2254 3382 2540 3449 antiquiss,
2585 3379 2591 3449 Ι

196 3473 280 3526 16.
322 3475 382 3524 et
416 3475 455 3526 2
490 3472 604 3526 cod.
641 3488 763 3537 rec„
799 3471 877 3525 ed.
919 3472 1200 3539 Moywnt.;
1234 3488 1334 3525 om.
1373 3472 1469 3525 rel.
1508 3470 1623 3524 cod.
1663 3475 1713 3523 et
1747 3469 1828 3523 ed.
1868 3475 1991 3522 ante
2027 3471 2279 3538 Moqwnt.
2315 3470 2322 3535 Ι
2360 3471 2438 3522 17.
2475 3483 2596 3535 por·

190 3561 456 3611 tal-entur
490 3556 554 3611 B.
607 3560 614 3620 Ι
666 3559 751 3611 22.
797 3556 994 3610 eodem
1030 3555 1120 3609 die
1157 3557 1425 3625 Fueyner‚
1474 3558 1543 3624 cf.
1577 3556 1655 3609 H.
1694 3556 1740 3610 I.
1781 3557 2014 3609 Mueller
2057 3574 2186 3610 ann.
2236 3557 2418 3611 Berol.
2457 3557 2592 3606 1891

183 3661 245 3712 p.
287 3648 425 3711 188;
460 3658 530 3696 eo
565 3642 655 3696 die
693 3644 806 3698 cod.
848 3650 897 3697 et
942 3645 1022 3697 ecl.
1060 3650 1156 3698 vet.
1203 3643 1210 3709 Ι
1250 3645 1332 3697 23.
1370 3642 1545 3696 urbae
1582 3641 1645 3694 B.
1687 3644 1697 3708 1
1736 3643 1819 3696 24.
1865 3641 1923 3694 in
1959 3640 2328 3710 comparando
2363 3640 2594 3708 impigre

191 3730 439 3783 classem
478 3731 593 3786 cod.
631 3747 730 3785 ree.
770 3737 819 3783 et
854 3730 934 3784 ed.
972 3731 1257 3799 antiquiss.
1292 3735 1301 3793 Ι
1333 3731 1414 3784 28.
1454 3728 1535 3783 eis
1571 3728 1635 3796 B,
1674 3730 1788 3785 cod.
1827 3746 1926 3784 rec.
1966 3736 2015 3783 et
2049 3729 2128 3783 ed.
2159 3729 2445 3797 antiquiss.
2456 3746 2474 3792 ‚-
2509 3723 2594 3776 his

191 3815 265 3884 M,
305 3817 508 3871 Aldus.
2254 3899 2284 3931 ῆι

2225 3905 2248 3949 1
