<?xml version="1.0" encoding="UTF-8"?>
<!DOCTYPE html PUBLIC "-//W3C//DTD XHTML 1.0 Transitional//EN"
    "http://www.w3.org/TR/xhtml1/DTD/xhtml1-transitional.dtd">
<html xmlns="http://www.w3.org/1999/xhtml" xml:lang="en" lang="en">
 <head>
  <title>
</title>
<meta http-equiv="Content-Type" content="text/html;charset=utf-8" />
  <meta name='ocr-system' content='tesseract 3.04.00' />
  <meta name='ocr-capabilities' content='ocr_page ocr_carea ocr_par ocr_line ocrx_word'/>
</head>
<body>
  <div class='ocr_page' id='page_1' title='image "./tliviaburbecond00zinggoog_0043.png"; bbox 0 0 2925 4278; ppageno 0'>
   <div class='ocr_carea' id='block_1_1' title="bbox 361 118 2319 204">
    <p class='ocr_par' dir='ltr' id='par_1_1' title="bbox 361 118 2319 204">
     <span class='ocr_line' id='line_1_1' title="bbox 361 118 2319 204; baseline 0.004 -23"><span class='ocrx_word' id='word_1_1' title='bbox 361 118 446 181; x_wconf 79' lang='lat'>34</span> <span class='ocrx_word' id='word_1_2' title='bbox 800 133 1024 186; x_wconf 84' lang='lat' dir='ltr'>LIBER</span> <span class='ocrx_word' id='word_1_3' title='bbox 1061 133 1329 187; x_wconf 91' lang='lat' dir='ltr'>XXXVI.</span> <span class='ocrx_word' id='word_1_4' title='bbox 1368 133 1535 187; x_wconf 88' lang='lat' dir='ltr'>CAP.</span> <span class='ocrx_word' id='word_1_5' title='bbox 1573 137 1657 189; x_wconf 83' lang='lat'>29.</span> <span class='ocrx_word' id='word_1_6' title='bbox 1684 137 1768 190; x_wconf 84' lang='lat'>30.</span> <span class='ocrx_word' id='word_1_7' title='bbox 1795 137 1877 190; x_wconf 90' lang='grc'>31.</span> <span class='ocrx_word' id='word_1_8' title='bbox 1920 136 1987 203; x_wconf 89' lang='lat' dir='ltr'>[a.</span> <span class='ocrx_word' id='word_1_9' title='bbox 2015 135 2081 190; x_wconf 93' lang='lat' dir='ltr'>U.</span> <span class='ocrx_word' id='word_1_10' title='bbox 2107 151 2152 188; x_wconf 90' lang='lat' dir='ltr'>c.</span> <span class='ocrx_word' id='word_1_11' title='bbox 2181 137 2319 204; x_wconf 88' lang='lat'>563].</span> 
     </span>
    </p>
   </div>
   <div class='ocr_carea' id='block_1_2' title="bbox 229 306 2848 2892">
    <p class='ocr_par' dir='ltr' id='par_1_2' title="bbox 292 306 2754 390">
     <span class='ocr_line' id='line_1_2' title="bbox 292 306 2754 390; baseline 0 -18"><span class='ocrx_word' id='word_1_12' title='bbox 292 328 323 373; x_wconf 83' lang='lat'>9</span> <span class='ocrx_word' id='word_1_13' title='bbox 364 307 632 390; x_wconf 91' lang='lat' dir='ltr'>primum</span> <span class='ocrx_word' id='word_1_14' title='bbox 680 309 1016 387; x_wconf 87' lang='lat' dir='ltr'>Romanos,</span> <span class='ocrx_word' id='word_1_15' title='bbox 1065 306 1298 371; x_wconf 89' lang='lat' dir='ltr'>deinde</span> <span class='ocrx_word' id='word_1_16' title='bbox 1361 306 1745 371; x_wconf 79' lang='lat' dir='ltr'><strong>Antiochum</strong></span> <span class='ocrx_word' id='word_1_17' title='bbox 1805 308 1871 371; x_wconf 93' lang='lat' dir='ltr'>in</span> <span class='ocrx_word' id='word_1_18' title='bbox 1920 309 2252 373; x_wconf 79' lang='lat' dir='ltr'>Graeciam</span> <span class='ocrx_word' id='word_1_19' title='bbox 2311 309 2754 375; x_wconf 80' lang='lat' dir='ltr'>adduxissent.</span> 
     </span>
    </p>

    <p class='ocr_par' dir='ltr' id='par_1_3' title="bbox 253 393 2758 567">
     <span class='ocr_line' id='line_1_3' title="bbox 361 393 2754 480; baseline 0.001 -23"><span class='ocrx_word' id='word_1_20' title='bbox 361 393 475 457; x_wconf 89' lang='lat' dir='ltr'>sed</span> <span class='ocrx_word' id='word_1_21' title='bbox 519 394 1019 476; x_wconf 88' lang='lat' dir='ltr'>praeteritorum,</span> <span class='ocrx_word' id='word_1_22' title='bbox 1070 413 1233 474; x_wconf 91' lang='lat' dir='ltr'>quae</span> <span class='ocrx_word' id='word_1_23' title='bbox 1281 394 1487 476; x_wconf 87' lang='lat' dir='ltr'>magis</span> <span class='ocrx_word' id='word_1_24' title='bbox 1533 393 1918 476; x_wconf 81' lang='lat' dir='ltr'>reprehendi</span> <span class='ocrx_word' id='word_1_25' title='bbox 1963 414 2153 477; x_wconf 89' lang='lat' dir='ltr'>quam</span> <span class='ocrx_word' id='word_1_26' title='bbox 2200 396 2427 478; x_wconf 83' lang='lat' dir='ltr'>corrigi</span> <span class='ocrx_word' id='word_1_27' title='bbox 2487 397 2754 480; x_wconf 84' lang='lat' dir='ltr'>possint,</span> 
     </span>
     <span class='ocr_line' id='line_1_4' title="bbox 253 478 2758 567; baseline 0.004 -29"><span class='ocrx_word' id='word_1_28' title='bbox 253 493 322 539; x_wconf 90' lang='lat'>10</span> <span class='ocrx_word' id='word_1_29' title='bbox 359 480 623 544; x_wconf 92' lang='lat' dir='ltr'>oblitum</span> <span class='ocrx_word' id='word_1_30' title='bbox 670 499 738 543; x_wconf 91' lang='lat' dir='ltr'>se</span> <span class='ocrx_word' id='word_1_31' title='bbox 784 500 911 543; x_wconf 92' lang='lat' dir='ltr'>non</span> <span class='ocrx_word' id='word_1_32' title='bbox 958 478 1290 560; x_wconf 88' lang='lat' dir='ltr'>facturum,</span> <span class='ocrx_word' id='word_1_33' title='bbox 1324 486 1394 544; x_wconf 92' lang='lat' dir='ltr'>ut</span> <span class='ocrx_word' id='word_1_34' title='bbox 1432 480 1693 544; x_wconf 89' lang='lat' dir='ltr'>insultet</span> <span class='ocrx_word' id='word_1_35' title='bbox 1722 479 2009 545; x_wconf 85' lang='lat' dir='ltr'>adversis</span> <span class='ocrx_word' id='word_1_36' title='bbox 2038 482 2228 546; x_wconf 91' lang='lat' dir='ltr'>rebus</span> <span class='ocrx_word' id='word_1_37' title='bbox 2275 502 2526 567; x_wconf 89' lang='lat' dir='ltr'>eorum;</span> <span class='ocrx_word' id='word_1_38' title='bbox 2573 484 2758 547; x_wconf 91' lang='lat' dir='ltr'>Aeto-</span> 
     </span>
    </p>

    <p class='ocr_par' dir='ltr' id='par_1_4' title="bbox 356 565 2821 823">
     <span class='ocr_line' id='line_1_5' title="bbox 356 565 2758 647; baseline 0.001 -18"><span class='ocrx_word' id='word_1_39' title='bbox 356 567 450 631; x_wconf 89' lang='lat' dir='ltr'>los</span> <span class='ocrx_word' id='word_1_40' title='bbox 500 586 747 647; x_wconf 91' lang='lat' dir='ltr'>quoque</span> <span class='ocrx_word' id='word_1_41' title='bbox 793 566 977 629; x_wconf 89' lang='lat' dir='ltr'>finire</span> <span class='ocrx_word' id='word_1_42' title='bbox 1022 565 1282 630; x_wconf 90' lang='lat' dir='ltr'>tandem</span> <span class='ocrx_word' id='word_1_43' title='bbox 1326 565 1636 630; x_wconf 89' lang='lat' dir='ltr'>adversus</span> <span class='ocrx_word' id='word_1_44' title='bbox 1667 586 1737 631; x_wconf 91' lang='lat' dir='ltr'>se</span> <span class='ocrx_word' id='word_1_45' title='bbox 1784 565 1929 630; x_wconf 92' lang='lat' dir='ltr'>odia</span> <span class='ocrx_word' id='word_1_46' title='bbox 1960 565 2211 647; x_wconf 89' lang='lat' dir='ltr'>debere,</span> <span class='ocrx_word' id='word_1_47' title='bbox 2269 575 2331 632; x_wconf 99' lang='lat' dir='ltr'>et</span> <span class='ocrx_word' id='word_1_48' title='bbox 2363 569 2758 633; x_wconf 78' lang='lat' dir='ltr'>Nicandrum</span> 
     </span>
     <span class='ocr_line' id='line_1_6' title="bbox 358 650 2821 736; baseline -0 -21"><span class='ocrx_word' id='word_1_49' title='bbox 358 653 656 736; x_wconf 86' lang='lat' dir='ltr'>privatim</span> <span class='ocrx_word' id='word_1_50' title='bbox 705 653 839 716; x_wconf 88' lang='lat' dir='ltr'>eius</span> <span class='ocrx_word' id='word_1_51' title='bbox 886 650 1033 732; x_wconf 89' lang='lat' dir='ltr'>diei,</span> <span class='ocrx_word' id='word_1_52' title='bbox 1084 673 1203 733; x_wconf 94' lang='lat' dir='ltr'>quo</span> <span class='ocrx_word' id='word_1_53' title='bbox 1252 658 1541 717; x_wconf 87' lang='lat' dir='ltr'>servatus</span> <span class='ocrx_word' id='word_1_54' title='bbox 1585 673 1625 716; x_wconf 92' lang='lat' dir='ltr'>a</span> <span class='ocrx_word' id='word_1_55' title='bbox 1657 673 1725 716; x_wconf 89' lang='lat' dir='ltr'>se</span> <span class='ocrx_word' id='word_1_56' title='bbox 1771 652 1950 733; x_wconf 87' lang='lat' dir='ltr'>foret,</span> <span class='ocrx_word' id='word_1_57' title='bbox 1984 654 2367 719; x_wconf 88' lang='lat' dir='ltr'>meminisse.</span> <span class='ocrx_word' id='word_1_58' title='bbox 2446 656 2535 718; x_wconf 88' lang='lat' dir='ltr'>ita</span> <span class='ocrx_word' id='word_1_59' title='bbox 2566 653 2755 735; x_wconf 89' lang='lat' dir='ltr'>datis,</span> <span class='ocrx_word' id='word_1_60' title='bbox 2794 670 2821 714; x_wconf 85' lang='lat'>5</span> 
     </span>
     <span class='ocr_line' id='line_1_7' title="bbox 359 739 2760 823; baseline 0.001 -21"><span class='ocrx_word' id='word_1_61' title='bbox 359 740 466 821; x_wconf 91' lang='lat' dir='ltr'>qui</span> <span class='ocrx_word' id='word_1_62' title='bbox 511 740 577 802; x_wconf 91' lang='lat' dir='ltr'>in</span> <span class='ocrx_word' id='word_1_63' title='bbox 624 745 829 802; x_wconf 91' lang='lat' dir='ltr'>tutum</span> <span class='ocrx_word' id='word_1_64' title='bbox 877 758 1020 802; x_wconf 91' lang='lat' dir='ltr'>eum</span> <span class='ocrx_word' id='word_1_65' title='bbox 1065 745 1614 821; x_wconf 86' lang='lat' dir='ltr'>prosequerentur,</span> <span class='ocrx_word' id='word_1_66' title='bbox 1661 739 1987 823; x_wconf 86' lang='lat' dir='ltr'>Hypatam</span> <span class='ocrx_word' id='word_1_67' title='bbox 2034 740 2357 805; x_wconf 87' lang='lat' dir='ltr'>Nicander</span> <span class='ocrx_word' id='word_1_68' title='bbox 2403 743 2760 806; x_wconf 90' lang='lat' dir='ltr'>consultan-</span> 
     </span>
    </p>

    <p class='ocr_par' dir='ltr' id='par_1_5' title="bbox 305 824 1624 908">
     <span class='ocr_line' id='line_1_8' title="bbox 305 824 1624 908; baseline -0.002 -19"><span class='ocrx_word' id='word_1_69' title='bbox 305 836 316 848; x_wconf 90' lang='grc'><strong>”</strong></span> <span class='ocrx_word' id='word_1_70' title='bbox 361 828 532 892; x_wconf 89' lang='lat' dir='ltr'>tibus</span> <span class='ocrx_word' id='word_1_71' title='bbox 579 824 659 888; x_wconf 93' lang='lat' dir='ltr'>de</span> <span class='ocrx_word' id='word_1_72' title='bbox 705 844 863 908; x_wconf 92' lang='lat' dir='ltr'>pace</span> <span class='ocrx_word' id='word_1_73' title='bbox 909 827 1195 889; x_wconf 87' lang='lat' dir='ltr'>Romana</span> <span class='ocrx_word' id='word_1_74' title='bbox 1240 825 1624 908; x_wconf 87' lang='lat' dir='ltr'>supervenit.</span> 
     </span>
    </p>

    <p class='ocr_par' dir='ltr' id='par_1_6' title="bbox 295 910 2760 1081">
     <span class='ocr_line' id='line_1_9' title="bbox 295 910 2760 985; baseline 0.002 -11"><span class='ocrx_word' id='word_1_75' title='bbox 295 943 318 985; x_wconf 86' lang='lat'>1</span> <span class='ocrx_word' id='word_1_76' title='bbox 575 912 784 975; x_wconf 90' lang='lat' dir='ltr'>XXX.</span> <span class='ocrx_word' id='word_1_77' title='bbox 833 911 937 974; x_wconf 79' lang='grc' dir='ltr'><strong>Μ’.</strong></span> <span class='ocrx_word' id='word_1_78' title='bbox 986 911 1225 976; x_wconf 90' lang='lat' dir='ltr'>Acilius</span> <span class='ocrx_word' id='word_1_79' title='bbox 1269 910 1531 975; x_wconf 88' lang='lat' dir='ltr'>vendita</span> <span class='ocrx_word' id='word_1_80' title='bbox 1576 917 1686 975; x_wconf 89' lang='lat' dir='ltr'>aut</span> <span class='ocrx_word' id='word_1_81' title='bbox 1731 931 2033 977; x_wconf 86' lang='lat' dir='ltr'>concessa</span> <span class='ocrx_word' id='word_1_82' title='bbox 2093 913 2275 976; x_wconf 93' lang='lat' dir='ltr'>militi</span> <span class='ocrx_word' id='word_1_83' title='bbox 2337 913 2504 977; x_wconf 90' lang='lat' dir='ltr'>circa</span> <span class='ocrx_word' id='word_1_84' title='bbox 2562 914 2760 978; x_wconf 90' lang='lat' dir='ltr'>Hera-</span> 
     </span>
     <span class='ocr_line' id='line_1_10' title="bbox 366 996 2759 1081; baseline -0 -17"><span class='ocrx_word' id='word_1_85' title='bbox 366 1001 566 1067; x_wconf 90' lang='lat' dir='ltr'>cleam</span> <span class='ocrx_word' id='word_1_86' title='bbox 621 996 878 1080; x_wconf 88' lang='lat' dir='ltr'>praeda,</span> <span class='ocrx_word' id='word_1_87' title='bbox 942 1003 1276 1079; x_wconf 88' lang='lat' dir='ltr'>postquam</span> <span class='ocrx_word' id='word_1_88' title='bbox 1337 1018 1457 1061; x_wconf 89' lang='lat' dir='ltr'>nec</span> <span class='ocrx_word' id='word_1_89' title='bbox 1503 998 1802 1081; x_wconf 84' lang='lat' dir='ltr'>Hypatae</span> <span class='ocrx_word' id='word_1_90' title='bbox 1862 1005 2091 1081; x_wconf 90' lang='lat' dir='ltr'>pacata</span> <span class='ocrx_word' id='word_1_91' title='bbox 2146 1000 2408 1063; x_wconf 89' lang='lat' dir='ltr'>consilia</span> <span class='ocrx_word' id='word_1_92' title='bbox 2469 1019 2628 1078; x_wconf 89' lang='lat' dir='ltr'>esse,</span> <span class='ocrx_word' id='word_1_93' title='bbox 2694 1009 2759 1064; x_wconf 93' lang='lat' dir='ltr'>et</span> 
     </span>
    </p>

    <p class='ocr_par' dir='ltr' id='par_1_7' title="bbox 292 1083 2847 1339">
     <span class='ocr_line' id='line_1_11' title="bbox 292 1083 2847 1168; baseline -0.002 -19"><span class='ocrx_word' id='word_1_94' title='bbox 292 1106 321 1149; x_wconf 76' lang='lat'>2</span> <span class='ocrx_word' id='word_1_95' title='bbox 360 1090 765 1168; x_wconf 88' lang='lat' dir='ltr'>Naupactum</span> <span class='ocrx_word' id='word_1_96' title='bbox 835 1085 1225 1148; x_wconf 89' lang='lat' dir='ltr'>concurrisse</span> <span class='ocrx_word' id='word_1_97' title='bbox 1284 1084 1559 1163; x_wconf 82' lang='lat' dir='ltr'>AetoloS‚</span> <span class='ocrx_word' id='word_1_98' title='bbox 1621 1092 1690 1147; x_wconf 91' lang='lat' dir='ltr'>ut</span> <span class='ocrx_word' id='word_1_99' title='bbox 1758 1083 1907 1147; x_wconf 90' lang='lat' dir='ltr'>inde</span> <span class='ocrx_word' id='word_1_100' title='bbox 1969 1091 2168 1148; x_wconf 92' lang='lat' dir='ltr'>totum</span> <span class='ocrx_word' id='word_1_101' title='bbox 2237 1085 2542 1168; x_wconf 90' lang='lat' dir='ltr'>impetum</span> <span class='ocrx_word' id='word_1_102' title='bbox 2602 1087 2756 1150; x_wconf 90' lang='lat' dir='ltr'>belli</span> <span class='ocrx_word' id='word_1_103' title='bbox 2801 1098 2847 1145; x_wconf 83' lang='grc' dir='ltr'>ιο</span> 
     </span>
     <span class='ocr_line' id='line_1_12' title="bbox 362 1170 2761 1254; baseline -0.001 -15"><span class='ocrx_word' id='word_1_104' title='bbox 362 1172 765 1250; x_wconf 89' lang='lat' dir='ltr'>sustinerent,</span> <span class='ocrx_word' id='word_1_105' title='bbox 813 1170 1076 1250; x_wconf 87' lang='lat' dir='ltr'>audivit,</span> <span class='ocrx_word' id='word_1_106' title='bbox 1124 1170 1471 1254; x_wconf 87' lang='lat' dir='ltr'>praemisso</span> <span class='ocrx_word' id='word_1_107' title='bbox 1516 1171 1636 1252; x_wconf 92' lang='lat' dir='ltr'>Ap.</span> <span class='ocrx_word' id='word_1_108' title='bbox 1673 1170 1936 1235; x_wconf 84' lang='lat' dir='ltr'>Claudio</span> <span class='ocrx_word' id='word_1_109' title='bbox 1983 1190 2124 1234; x_wconf 93' lang='lat' dir='ltr'>cum</span> <span class='ocrx_word' id='word_1_110' title='bbox 2170 1178 2464 1252; x_wconf 92' lang='lat' dir='ltr'>quattuor</span> <span class='ocrx_word' id='word_1_111' title='bbox 2503 1172 2761 1237; x_wconf 88' lang='lat' dir='ltr'>milibus</span> 
     </span>
     <span class='ocr_line' id='line_1_13' title="bbox 357 1255 2759 1339; baseline -0.001 -14"><span class='ocrx_word' id='word_1_112' title='bbox 357 1260 625 1325; x_wconf 87' lang='lat' dir='ltr'>militum</span> <span class='ocrx_word' id='word_1_113' title='bbox 671 1257 754 1320; x_wconf 89' lang='lat' dir='ltr'>ad</span> <span class='ocrx_word' id='word_1_114' title='bbox 787 1256 1160 1339; x_wconf 90' lang='lat' dir='ltr'>occupanda</span> <span class='ocrx_word' id='word_1_115' title='bbox 1191 1257 1359 1338; x_wconf 85' lang='lat' dir='ltr'>iuga,</span> <span class='ocrx_word' id='word_1_116' title='bbox 1395 1276 1522 1338; x_wconf 91' lang='lat' dir='ltr'>qua</span> <span class='ocrx_word' id='word_1_117' title='bbox 1552 1255 1843 1321; x_wconf 86' lang='lat' dir='ltr'>difficiles</span> <span class='ocrx_word' id='word_1_118' title='bbox 1874 1258 2176 1321; x_wconf 87' lang='lat' dir='ltr'>transitus</span> <span class='ocrx_word' id='word_1_119' title='bbox 2207 1258 2513 1322; x_wconf 92' lang='lat' dir='ltr'>montium</span> <span class='ocrx_word' id='word_1_120' title='bbox 2555 1268 2759 1339; x_wconf 89' lang='lat' dir='ltr'>erant,</span> 
     </span>
    </p>

    <p class='ocr_par' dir='ltr' id='par_1_8' title="bbox 291 1342 2848 1600">
     <span class='ocr_line' id='line_1_14' title="bbox 291 1342 2760 1431; baseline 0 -23"><span class='ocrx_word' id='word_1_121' title='bbox 291 1364 321 1408; x_wconf 88' lang='lat'><strong>3</strong></span> <span class='ocrx_word' id='word_1_122' title='bbox 362 1350 501 1431; x_wconf 92' lang='lat' dir='ltr'>ipse</span> <span class='ocrx_word' id='word_1_123' title='bbox 548 1344 776 1409; x_wconf 87' lang='lat' dir='ltr'>Oetam</span> <span class='ocrx_word' id='word_1_124' title='bbox 824 1343 1109 1408; x_wconf 88' lang='lat' dir='ltr'>escendit</span> <span class='ocrx_word' id='word_1_125' title='bbox 1153 1343 1536 1424; x_wconf 89' lang='lat' dir='ltr'>Herculique</span> <span class='ocrx_word' id='word_1_126' title='bbox 1582 1342 1959 1407; x_wconf 88' lang='lat' dir='ltr'>sacrificium</span> <span class='ocrx_word' id='word_1_127' title='bbox 1993 1342 2142 1407; x_wconf 93' lang='lat' dir='ltr'>fecit</span> <span class='ocrx_word' id='word_1_128' title='bbox 2171 1344 2238 1407; x_wconf 93' lang='lat' dir='ltr'>in</span> <span class='ocrx_word' id='word_1_129' title='bbox 2272 1364 2346 1408; x_wconf 92' lang='lat' dir='ltr'>eo</span> <span class='ocrx_word' id='word_1_130' title='bbox 2378 1345 2533 1424; x_wconf 83' lang='lat' dir='ltr'>locO,</span> <span class='ocrx_word' id='word_1_131' title='bbox 2569 1365 2760 1426; x_wconf 92' lang='lat' dir='ltr'>quem</span> 
     </span>
     <span class='ocr_line' id='line_1_15' title="bbox 362 1428 2757 1516; baseline -0.001 -18"><span class='ocrx_word' id='word_1_132' title='bbox 362 1436 619 1516; x_wconf 88' lang='lat' dir='ltr'>Pyram,</span> <span class='ocrx_word' id='word_1_133' title='bbox 669 1429 836 1511; x_wconf 92' lang='lat' dir='ltr'>quod</span> <span class='ocrx_word' id='word_1_134' title='bbox 880 1430 969 1493; x_wconf 92' lang='lat' dir='ltr'>ibi</span> <span class='ocrx_word' id='word_1_135' title='bbox 1014 1429 1277 1494; x_wconf 89' lang='lat' dir='ltr'>mortale</span> <span class='ocrx_word' id='word_1_136' title='bbox 1324 1449 1549 1512; x_wconf 91' lang='lat' dir='ltr'>corpus</span> <span class='ocrx_word' id='word_1_137' title='bbox 1596 1429 1731 1493; x_wconf 93' lang='lat' dir='ltr'>eius</span> <span class='ocrx_word' id='word_1_138' title='bbox 1763 1428 1866 1492; x_wconf 91' lang='lat' dir='ltr'>dei</span> <span class='ocrx_word' id='word_1_139' title='bbox 1899 1429 1980 1493; x_wconf 89' lang='lat' dir='ltr'>sit</span> <span class='ocrx_word' id='word_1_140' title='bbox 2012 1436 2378 1510; x_wconf 88' lang='lat' dir='ltr'>crematum,</span> <span class='ocrx_word' id='word_1_141' title='bbox 2411 1431 2757 1513; x_wconf 88' lang='lat' dir='ltr'>appellant.</span> 
     </span>
     <span class='ocr_line' id='line_1_16' title="bbox 361 1515 2848 1600; baseline -0.004 -17"><span class='ocrx_word' id='word_1_142' title='bbox 361 1519 512 1583; x_wconf 90' lang='lat' dir='ltr'>inde</span> <span class='ocrx_word' id='word_1_143' title='bbox 558 1524 688 1580; x_wconf 89' lang='lat' dir='ltr'>toto</span> <span class='ocrx_word' id='word_1_144' title='bbox 736 1516 1019 1579; x_wconf 88' lang='lat' dir='ltr'>exercitu</span> <span class='ocrx_word' id='word_1_145' title='bbox 1065 1515 1385 1599; x_wconf 87' lang='lat' dir='ltr'>profectus</span> <span class='ocrx_word' id='word_1_146' title='bbox 1432 1515 1743 1597; x_wconf 90' lang='lat' dir='ltr'>reliquum</span> <span class='ocrx_word' id='word_1_147' title='bbox 1788 1515 1909 1579; x_wconf 89' lang='lat' dir='ltr'>iter</span> <span class='ocrx_word' id='word_1_148' title='bbox 1955 1515 2109 1580; x_wconf 90' lang='lat' dir='ltr'>satis</span> <span class='ocrx_word' id='word_1_149' title='bbox 2155 1515 2472 1599; x_wconf 81' lang='lat' dir='ltr'>expedito</span> <span class='ocrx_word' id='word_1_150' title='bbox 2496 1518 2760 1600; x_wconf 84' lang='lat' dir='ltr'>agmine</span> <span class='ocrx_word' id='word_1_151' title='bbox 2799 1529 2848 1574; x_wconf 81' lang='lat'>15</span> 
     </span>
    </p>

    <p class='ocr_par' dir='ltr' id='par_1_9' title="bbox 290 1601 2763 1772">
     <span class='ocr_line' id='line_1_17' title="bbox 290 1601 2763 1670; baseline 0 -4"><span class='ocrx_word' id='word_1_152' title='bbox 290 1621 324 1666; x_wconf 88' lang='lat'>4</span> <span class='ocrx_word' id='word_1_153' title='bbox 362 1605 530 1670; x_wconf 87' lang='lat' dir='ltr'>fecit.</span> <span class='ocrx_word' id='word_1_154' title='bbox 580 1609 650 1666; x_wconf 99' lang='lat' dir='ltr'>ut</span> <span class='ocrx_word' id='word_1_155' title='bbox 696 1601 780 1665; x_wconf 89' lang='lat' dir='ltr'>ad</span> <span class='ocrx_word' id='word_1_156' title='bbox 826 1603 1127 1666; x_wconf 84' lang='lat' dir='ltr'>Coracem</span> <span class='ocrx_word' id='word_1_157' title='bbox 1173 1608 1434 1665; x_wconf 90' lang='lat' dir='ltr'>ventum</span> <span class='ocrx_word' id='word_1_158' title='bbox 1493 1610 1590 1666; x_wconf 88' lang='lat' dir='ltr'>est</span> <span class='ocrx_word' id='word_1_159' title='bbox 1649 1638 1734 1646; x_wconf 96' lang='lat'><strong>—</strong></span> <span class='ocrx_word' id='word_1_160' title='bbox 1793 1620 1976 1666; x_wconf 92' lang='lat' dir='ltr'>mons</span> <span class='ocrx_word' id='word_1_161' title='bbox 2037 1609 2134 1666; x_wconf 91' lang='lat' dir='ltr'>est</span> <span class='ocrx_word' id='word_1_162' title='bbox 2191 1602 2534 1667; x_wconf 89' lang='lat' dir='ltr'>altissimus</span> <span class='ocrx_word' id='word_1_163' title='bbox 2594 1604 2763 1667; x_wconf 89' lang='lat' dir='ltr'>inter</span> 
     </span>
     <span class='ocr_line' id='line_1_18' title="bbox 363 1687 2762 1772; baseline -0.001 -17"><span class='ocrx_word' id='word_1_164' title='bbox 363 1689 719 1772; x_wconf 82' lang='lat' dir='ltr'>Callipolim</span> <span class='ocrx_word' id='word_1_165' title='bbox 768 1694 830 1751; x_wconf 92' lang='lat' dir='ltr'>et</span> <span class='ocrx_word' id='word_1_166' title='bbox 875 1689 1278 1770; x_wconf 90' lang='lat' dir='ltr'>Naupactum</span> <span class='ocrx_word' id='word_1_167' title='bbox 1325 1725 1431 1767; x_wconf 92' lang='lat'>—,</span> <span class='ocrx_word' id='word_1_168' title='bbox 1494 1687 1584 1751; x_wconf 93' lang='lat' dir='ltr'>ibi</span> <span class='ocrx_word' id='word_1_169' title='bbox 1647 1694 1709 1751; x_wconf 90' lang='lat' dir='ltr'>et</span> <span class='ocrx_word' id='word_1_170' title='bbox 1768 1687 2049 1751; x_wconf 90' lang='lat' dir='ltr'>iumenta</span> <span class='ocrx_word' id='word_1_171' title='bbox 2108 1689 2306 1752; x_wconf 91' lang='lat' dir='ltr'>multa</span> <span class='ocrx_word' id='word_1_172' title='bbox 2365 1709 2447 1752; x_wconf 83' lang='lat' dir='ltr'>ex</span> <span class='ocrx_word' id='word_1_173' title='bbox 2502 1690 2762 1771; x_wconf 83' lang='lat' dir='ltr'>agmine</span> 
     </span>
    </p>

    <p class='ocr_par' dir='ltr' id='par_1_10' title="bbox 294 1773 2762 1945">
     <span class='ocr_line' id='line_1_19' title="bbox 294 1773 2762 1862; baseline -0 -22"><span class='ocrx_word' id='word_1_174' title='bbox 294 1812 325 1856; x_wconf 75' lang='lat'>5</span> <span class='ocrx_word' id='word_1_175' title='bbox 362 1774 783 1862; x_wconf 88' lang='lat' dir='ltr'>praecipitata</span> <span class='ocrx_word' id='word_1_176' title='bbox 829 1794 971 1837; x_wconf 93' lang='lat' dir='ltr'>cum</span> <span class='ocrx_word' id='word_1_177' title='bbox 1017 1773 1172 1856; x_wconf 89' lang='lat' dir='ltr'>ipsis</span> <span class='ocrx_word' id='word_1_178' title='bbox 1219 1773 1517 1838; x_wconf 90' lang='lat' dir='ltr'>oneribus</span> <span class='ocrx_word' id='word_1_179' title='bbox 1564 1780 1711 1838; x_wconf 92' lang='lat' dir='ltr'>sunt</span> <span class='ocrx_word' id='word_1_180' title='bbox 1758 1781 1822 1838; x_wconf 92' lang='lat' dir='ltr'>et</span> <span class='ocrx_word' id='word_1_181' title='bbox 1851 1773 2142 1839; x_wconf 87' lang='lat' dir='ltr'>homines</span> <span class='ocrx_word' id='word_1_182' title='bbox 2173 1775 2427 1858; x_wconf 77' lang='lat' dir='ltr'>vexati3</span> <span class='ocrx_word' id='word_1_183' title='bbox 2476 1781 2539 1839; x_wconf 92' lang='lat' dir='ltr'>et</span> <span class='ocrx_word' id='word_1_184' title='bbox 2569 1774 2762 1839; x_wconf 88' lang='lat' dir='ltr'>facile</span> 
     </span>
     <span class='ocr_line' id='line_1_20' title="bbox 365 1859 2760 1945; baseline -0.001 -18"><span class='ocrx_word' id='word_1_185' title='bbox 365 1863 733 1945; x_wconf 89' lang='lat' dir='ltr'>apparebat,</span> <span class='ocrx_word' id='word_1_186' title='bbox 782 1880 973 1940; x_wconf 89' lang='lat' dir='ltr'>quam</span> <span class='ocrx_word' id='word_1_187' title='bbox 1020 1880 1162 1924; x_wconf 92' lang='lat' dir='ltr'>cum</span> <span class='ocrx_word' id='word_1_188' title='bbox 1208 1859 1395 1924; x_wconf 89' lang='lat' dir='ltr'>inerti</span> <span class='ocrx_word' id='word_1_189' title='bbox 1440 1859 1623 1924; x_wconf 90' lang='lat' dir='ltr'>hoste</span> <span class='ocrx_word' id='word_1_190' title='bbox 1668 1880 1770 1925; x_wconf 92' lang='lat' dir='ltr'>res</span> <span class='ocrx_word' id='word_1_191' title='bbox 1817 1866 2003 1939; x_wconf 89' lang='lat' dir='ltr'>esset,</span> <span class='ocrx_word' id='word_1_192' title='bbox 2053 1861 2159 1942; x_wconf 94' lang='lat' dir='ltr'>qui</span> <span class='ocrx_word' id='word_1_193' title='bbox 2204 1867 2336 1924; x_wconf 89' lang='lat' dir='ltr'>tam</span> <span class='ocrx_word' id='word_1_194' title='bbox 2382 1861 2760 1944; x_wconf 91' lang='lat' dir='ltr'>impeditum</span> 
     </span>
    </p>

    <p class='ocr_par' dir='ltr' id='par_1_11' title="bbox 288 1945 2845 2377">
     <span class='ocr_line' id='line_1_21' title="bbox 288 1945 2845 2029; baseline -0.001 -16"><span class='ocrx_word' id='word_1_195' title='bbox 288 1975 321 2020; x_wconf 78' lang='grc'><strong>6</strong></span> <span class='ocrx_word' id='word_1_196' title='bbox 361 1950 595 2014; x_wconf 91' lang='lat' dir='ltr'>saltum</span> <span class='ocrx_word' id='word_1_197' title='bbox 643 1946 813 2010; x_wconf 91' lang='lat' dir='ltr'>nullo</span> <span class='ocrx_word' id='word_1_198' title='bbox 858 1945 1196 2029; x_wconf 88' lang='lat' dir='ltr'>praesidio,</span> <span class='ocrx_word' id='word_1_199' title='bbox 1259 1952 1328 2009; x_wconf 92' lang='lat' dir='ltr'>ut</span> <span class='ocrx_word' id='word_1_200' title='bbox 1374 1945 1695 2010; x_wconf 88' lang='lat' dir='ltr'>clauderet</span> <span class='ocrx_word' id='word_1_201' title='bbox 1757 1946 2110 2026; x_wconf 88' lang='lat' dir='ltr'>transitum,</span> <span class='ocrx_word' id='word_1_202' title='bbox 2172 1946 2529 2011; x_wconf 86' lang='lat' dir='ltr'>insedisset.</span> <span class='ocrx_word' id='word_1_203' title='bbox 2625 1954 2758 2012; x_wconf 92' lang='lat' dir='ltr'>tum</span> <span class='ocrx_word' id='word_1_204' title='bbox 2795 1958 2845 2004; x_wconf 78' lang='lat'>20</span> 
     </span>
     <span class='ocr_line' id='line_1_22' title="bbox 366 2030 2758 2117; baseline -0.001 -18"><span class='ocrx_word' id='word_1_205' title='bbox 366 2053 613 2117; x_wconf 91' lang='lat' dir='ltr'>quoque</span> <span class='ocrx_word' id='word_1_206' title='bbox 659 2038 893 2096; x_wconf 87' lang='lat' dir='ltr'>vexato</span> <span class='ocrx_word' id='word_1_207' title='bbox 941 2032 1223 2096; x_wconf 85' lang='lat' dir='ltr'>exercitu</span> <span class='ocrx_word' id='word_1_208' title='bbox 1267 2031 1353 2097; x_wconf 90' lang='lat' dir='ltr'>ad</span> <span class='ocrx_word' id='word_1_209' title='bbox 1397 2033 1803 2116; x_wconf 90' lang='lat' dir='ltr'>Naupactum</span> <span class='ocrx_word' id='word_1_210' title='bbox 1849 2030 2196 2113; x_wconf 89' lang='lat' dir='ltr'>descendit,</span> <span class='ocrx_word' id='word_1_211' title='bbox 2245 2040 2308 2098; x_wconf 97' lang='lat' dir='ltr'>et</span> <span class='ocrx_word' id='word_1_212' title='bbox 2339 2053 2466 2097; x_wconf 92' lang='lat' dir='ltr'>uno</span> <span class='ocrx_word' id='word_1_213' title='bbox 2499 2034 2758 2098; x_wconf 89' lang='lat' dir='ltr'>castello</span> 
     </span>
     <span class='ocr_line' id='line_1_23' title="bbox 358 2118 2760 2204; baseline -0.001 -17"><span class='ocrx_word' id='word_1_214' title='bbox 358 2122 667 2187; x_wconf 86' lang='lat' dir='ltr'>adversus</span> <span class='ocrx_word' id='word_1_215' title='bbox 712 2138 923 2184; x_wconf 89' lang='lat' dir='ltr'>arcem</span> <span class='ocrx_word' id='word_1_216' title='bbox 969 2119 1173 2202; x_wconf 91' lang='lat' dir='ltr'>posito</span> <span class='ocrx_word' id='word_1_217' title='bbox 1220 2125 1464 2183; x_wconf 87' lang='lat' dir='ltr'>ceteras</span> <span class='ocrx_word' id='word_1_218' title='bbox 1508 2125 1723 2202; x_wconf 89' lang='lat' dir='ltr'>partes</span> <span class='ocrx_word' id='word_1_219' title='bbox 1768 2119 1941 2183; x_wconf 89' lang='lat' dir='ltr'>urbis</span> <span class='ocrx_word' id='word_1_220' title='bbox 1988 2118 2210 2184; x_wconf 88' lang='lat' dir='ltr'>divisis</span> <span class='ocrx_word' id='word_1_221' title='bbox 2257 2119 2455 2204; x_wconf 89' lang='lat' dir='ltr'>copiis</span> <span class='ocrx_word' id='word_1_222' title='bbox 2486 2139 2600 2204; x_wconf 90' lang='lat' dir='ltr'>pro</span> <span class='ocrx_word' id='word_1_223' title='bbox 2636 2121 2760 2187; x_wconf 90' lang='lat' dir='ltr'>situ</span> 
     </span>
     <span class='ocr_line' id='line_1_24' title="bbox 359 2205 2760 2291; baseline -0 -19"><span class='ocrx_word' id='word_1_224' title='bbox 359 2208 678 2272; x_wconf 92' lang='lat' dir='ltr'>moenium</span> <span class='ocrx_word' id='word_1_225' title='bbox 725 2205 1144 2271; x_wconf 90' lang='lat' dir='ltr'>circumsedit.</span> <span class='ocrx_word' id='word_1_226' title='bbox 1221 2225 1342 2270; x_wconf 90' lang='lat' dir='ltr'>nec</span> <span class='ocrx_word' id='word_1_227' title='bbox 1386 2205 1597 2270; x_wconf 92' lang='lat' dir='ltr'>minus</span> <span class='ocrx_word' id='word_1_228' title='bbox 1627 2206 1836 2289; x_wconf 89' lang='lat' dir='ltr'>operis</span> <span class='ocrx_word' id='word_1_229' title='bbox 1865 2205 2227 2287; x_wconf 88' lang='lat' dir='ltr'>laborisque</span> <span class='ocrx_word' id='word_1_230' title='bbox 2260 2226 2337 2271; x_wconf 90' lang='lat' dir='ltr'>ea</span> <span class='ocrx_word' id='word_1_231' title='bbox 2366 2207 2760 2291; x_wconf 86' lang='lat' dir='ltr'>oppugnatio</span> 
     </span>
     <span class='ocr_line' id='line_1_25' title="bbox 362 2291 1230 2377; baseline -0.003 -19"><span class='ocrx_word' id='word_1_232' title='bbox 362 2315 552 2377; x_wconf 90' lang='lat' dir='ltr'>quam</span> <span class='ocrx_word' id='word_1_233' title='bbox 600 2293 946 2356; x_wconf 87' lang='lat' dir='ltr'>Heracleae</span> <span class='ocrx_word' id='word_1_234' title='bbox 990 2291 1230 2356; x_wconf 91' lang='lat' dir='ltr'>habuit.</span> 
     </span>
    </p>

    <p class='ocr_par' dir='ltr' id='par_1_12' title="bbox 300 2377 2844 2550">
     <span class='ocr_line' id='line_1_26' title="bbox 300 2377 2844 2462; baseline 0.001 -20"><span class='ocrx_word' id='word_1_235' title='bbox 300 2389 324 2433; x_wconf 92' lang='lat'>1</span> <span class='ocrx_word' id='word_1_236' title='bbox 574 2379 816 2442; x_wconf 91' lang='lat' dir='ltr'>XXXI.</span> <span class='ocrx_word' id='word_1_237' title='bbox 893 2377 1134 2442; x_wconf 89' lang='lat' dir='ltr'>Eodem</span> <span class='ocrx_word' id='word_1_238' title='bbox 1202 2385 1487 2462; x_wconf 89' lang='lat' dir='ltr'>tempore</span> <span class='ocrx_word' id='word_1_239' title='bbox 1551 2383 1614 2441; x_wconf 93' lang='lat' dir='ltr'>et</span> <span class='ocrx_word' id='word_1_240' title='bbox 1679 2378 1972 2442; x_wconf 89' lang='lat' dir='ltr'>Messene</span> <span class='ocrx_word' id='word_1_241' title='bbox 2037 2379 2105 2442; x_wconf 94' lang='lat' dir='ltr'>in</span> <span class='ocrx_word' id='word_1_242' title='bbox 2173 2379 2614 2462; x_wconf 92' lang='lat' dir='ltr'>Peloponneso</span> <span class='ocrx_word' id='word_1_243' title='bbox 2677 2381 2757 2444; x_wconf 92' lang='lat' dir='ltr'>ab</span> <span class='ocrx_word' id='word_1_244' title='bbox 2793 2388 2844 2435; x_wconf 80' lang='lat'>25</span> 
     </span>
     <span class='ocr_line' id='line_1_27' title="bbox 365 2464 2760 2550; baseline -0.001 -19"><span class='ocrx_word' id='word_1_245' title='bbox 365 2466 663 2544; x_wconf 78' lang='lat' dir='ltr'>AchaeiS,</span> <span class='ocrx_word' id='word_1_246' title='bbox 712 2464 881 2545; x_wconf 93' lang='lat' dir='ltr'>quod</span> <span class='ocrx_word' id='word_1_247' title='bbox 941 2464 1188 2528; x_wconf 88' lang='lat' dir='ltr'>concilii</span> <span class='ocrx_word' id='word_1_248' title='bbox 1250 2485 1468 2529; x_wconf 90' lang='lat' dir='ltr'>eorum</span> <span class='ocrx_word' id='word_1_249' title='bbox 1501 2471 1844 2528; x_wconf 25' lang='lat' dir='ltr'>‘recusaret</span> <span class='ocrx_word' id='word_1_250' title='bbox 1905 2483 2065 2544; x_wconf 91' lang='lat' dir='ltr'>esse,</span> <span class='ocrx_word' id='word_1_251' title='bbox 2126 2464 2482 2548; x_wconf 86' lang='lat' dir='ltr'>oppugnari</span> <span class='ocrx_word' id='word_1_252' title='bbox 2531 2473 2760 2550; x_wconf 89' lang='lat' dir='ltr'>coepta</span> 
     </span>
    </p>

    <p class='ocr_par' dir='ltr' id='par_1_13' title="bbox 292 2549 2760 2631">
     <span class='ocr_line' id='line_1_28' title="bbox 292 2549 2760 2631; baseline -0.001 -13"><span class='ocrx_word' id='word_1_253' title='bbox 292 2572 323 2617; x_wconf 86' lang='lat'>2</span> <span class='ocrx_word' id='word_1_254' title='bbox 364 2561 477 2618; x_wconf 91' lang='lat' dir='ltr'>est.</span> <span class='ocrx_word' id='word_1_255' title='bbox 572 2552 737 2616; x_wconf 92' lang='lat' dir='ltr'>duae</span> <span class='ocrx_word' id='word_1_256' title='bbox 784 2551 1091 2631; x_wconf 89' lang='lat' dir='ltr'>civitates,</span> <span class='ocrx_word' id='word_1_257' title='bbox 1140 2552 1429 2615; x_wconf 89' lang='lat' dir='ltr'>Messene</span> <span class='ocrx_word' id='word_1_258' title='bbox 1477 2556 1542 2613; x_wconf 91' lang='lat' dir='ltr'>et</span> <span class='ocrx_word' id='word_1_259' title='bbox 1585 2549 1737 2629; x_wconf 89' lang='lat' dir='ltr'>Elis,</span> <span class='ocrx_word' id='word_1_260' title='bbox 1786 2556 1968 2614; x_wconf 82' lang='lat' dir='ltr'>extra</span> <span class='ocrx_word' id='word_1_261' title='bbox 2029 2550 2362 2615; x_wconf 91' lang='lat' dir='ltr'>concilium</span> <span class='ocrx_word' id='word_1_262' title='bbox 2409 2550 2760 2617; x_wconf 91' lang='lat' dir='ltr'>Achaicum</span> 
     </span>
    </p>

    <p class='ocr_par' dir='ltr' id='par_1_14' title="bbox 292 2636 2760 2721">
     <span class='ocr_line' id='line_1_29' title="bbox 292 2636 2760 2721; baseline -0 -19"><span class='ocrx_word' id='word_1_263' title='bbox 292 2658 322 2702; x_wconf 86' lang='lat'><strong>3</strong></span> <span class='ocrx_word' id='word_1_264' title='bbox 365 2645 578 2721; x_wconf 73' lang='lat' dir='ltr'>erant,</span> <span class='ocrx_word' id='word_1_265' title='bbox 642 2658 784 2702; x_wconf 92' lang='lat' dir='ltr'>cum</span> <span class='ocrx_word' id='word_1_266' title='bbox 844 2637 1084 2702; x_wconf 89' lang='lat' dir='ltr'>Aetolis</span> <span class='ocrx_word' id='word_1_267' title='bbox 1145 2636 1525 2702; x_wconf 89' lang='lat' dir='ltr'>sentiebant.</span> <span class='ocrx_word' id='word_1_268' title='bbox 1617 2637 1753 2700; x_wconf 89' lang='lat' dir='ltr'>Elei</span> <span class='ocrx_word' id='word_1_269' title='bbox 1822 2644 2036 2700; x_wconf 86' lang='lat' dir='ltr'>tamen</span> <span class='ocrx_word' id='word_1_270' title='bbox 2099 2643 2241 2720; x_wconf 92' lang='lat' dir='ltr'>post</span> <span class='ocrx_word' id='word_1_271' title='bbox 2308 2636 2599 2720; x_wconf 86' lang='lat' dir='ltr'>fugatum</span> <span class='ocrx_word' id='word_1_272' title='bbox 2680 2659 2760 2703; x_wconf 79' lang='lat' dir='ltr'>ex</span> 
     </span>
    </p>

    <p class='ocr_par' dir='ltr' id='par_1_15' title="bbox 229 2721 2842 2892">
     <span class='ocr_line' id='line_1_30' title="bbox 229 2721 2759 2806; baseline -0.001 -16"><span class='ocrx_word' id='word_1_273' title='bbox 229 2739 232 2742; x_wconf 75' lang='grc'><strong>’</strong></span> <span class='ocrx_word' id='word_1_274' title='bbox 362 2725 629 2790; x_wconf 85' lang='lat' dir='ltr'>Graecia</span> <span class='ocrx_word' id='word_1_275' title='bbox 673 2724 1057 2792; x_wconf 89' lang='lat' dir='ltr'>Antiochum</span> <span class='ocrx_word' id='word_1_276' title='bbox 1103 2723 1333 2805; x_wconf 84' lang='lat' dir='ltr'>legatis</span> <span class='ocrx_word' id='word_1_277' title='bbox 1392 2721 1789 2786; x_wconf 90' lang='lat' dir='ltr'>Achaeorum</span> <span class='ocrx_word' id='word_1_278' title='bbox 1850 2723 2056 2787; x_wconf 90' lang='lat' dir='ltr'>lenius</span> <span class='ocrx_word' id='word_1_279' title='bbox 2117 2722 2613 2806; x_wconf 88' lang='lat' dir='ltr'>responderant:</span> <span class='ocrx_word' id='word_1_280' title='bbox 2676 2724 2759 2788; x_wconf 86' lang='lat' dir='ltr'>di-</span> 
     </span>
     <span class='ocr_line' id='line_1_31' title="bbox 360 2807 2842 2892; baseline -0 -18"><span class='ocrx_word' id='word_1_281' title='bbox 360 2812 552 2876; x_wconf 87' lang='lat' dir='ltr'>misso</span> <span class='ocrx_word' id='word_1_282' title='bbox 599 2809 912 2892; x_wconf 87' lang='lat' dir='ltr'>praesidio</span> <span class='ocrx_word' id='word_1_283' title='bbox 959 2809 1133 2892; x_wconf 84' lang='lat' dir='ltr'>regio</span> <span class='ocrx_word' id='word_1_284' title='bbox 1179 2809 1565 2892; x_wconf 81' lang='lat' dir='ltr'>cogitaturos</span> <span class='ocrx_word' id='word_1_285' title='bbox 1610 2827 1698 2888; x_wconf 91' lang='lat' dir='ltr'>se,</span> <span class='ocrx_word' id='word_1_286' title='bbox 1758 2807 1908 2889; x_wconf 92' lang='lat' dir='ltr'>quid</span> <span class='ocrx_word' id='word_1_287' title='bbox 1954 2809 2076 2874; x_wconf 89' lang='lat' dir='ltr'>sibi</span> <span class='ocrx_word' id='word_1_288' title='bbox 2137 2808 2503 2874; x_wconf 90' lang='lat' dir='ltr'>faciendum</span> <span class='ocrx_word' id='word_1_289' title='bbox 2565 2818 2752 2876; x_wconf 92' lang='lat' dir='ltr'>esset.</span> <span class='ocrx_word' id='word_1_290' title='bbox 2790 2819 2842 2865; x_wconf 87' lang='lat'>30</span> 
     </span>
    </p>
   </div>
   <div class='ocr_carea' id='block_1_3' title="bbox 2899 1393 2900 2097">
    <p class='ocr_par' dir='ltr' id='par_1_16' title="bbox 2899 1393 2900 2097">
     <span class='ocr_line' id='line_1_32' title="bbox 2899 1393 2900 2097; baseline 0 0"><span class='ocrx_word' id='word_1_291' title='bbox 2899 1393 2900 2097; x_wconf 95' lang='lat' dir='ltr'> </span> 
     </span>
    </p>
   </div>
   <div class='ocr_carea' id='block_1_4' title="bbox 360 2985 778 2994">
    <p class='ocr_par' dir='ltr' id='par_1_17' title="bbox 360 2985 778 2994">
     <span class='ocr_line' id='line_1_33' title="bbox 360 2985 778 2994; baseline 0 1284"><span class='ocrx_word' id='word_1_292' title='bbox 360 2985 778 2994; x_wconf 95' lang='lat' dir='ltr'> </span> 
     </span>
    </p>
   </div>
   <div class='ocr_carea' id='block_1_5' title="bbox 282 3081 2760 3843">
    <p class='ocr_par' dir='ltr' id='par_1_18' title="bbox 570 3081 2756 3153">
     <span class='ocr_line' id='line_1_34' title="bbox 570 3081 2756 3153; baseline -0 -14"><span class='ocrx_word' id='word_1_293' title='bbox 570 3088 619 3139; x_wconf 88' lang='grc'>2.</span> <span class='ocrx_word' id='word_1_294' title='bbox 650 3084 829 3152; x_wconf 85' lang='lat' dir='ltr'>magis</span> <span class='ocrx_word' id='word_1_295' title='bbox 874 3102 977 3139; x_wconf 85' lang='lat' dir='ltr'>om.</span> <span class='ocrx_word' id='word_1_296' title='bbox 1012 3083 1075 3136; x_wconf 89' lang='lat' dir='ltr'>B.</span> <span class='ocrx_word' id='word_1_297' title='bbox 1109 3084 1116 3150; x_wconf 91' lang='grc' dir='ltr'>Ι</span> <span class='ocrx_word' id='word_1_298' title='bbox 1150 3087 1198 3137; x_wconf 86' lang='grc'><strong>5.</strong></span> <span class='ocrx_word' id='word_1_299' title='bbox 1231 3081 1456 3151; x_wconf 56' lang='lat' dir='ltr'>priuati}</span> <span class='ocrx_word' id='word_1_300' title='bbox 1490 3082 1589 3150; x_wconf 67' lang='lat'>13⁶2,</span> <span class='ocrx_word' id='word_1_301' title='bbox 1639 3084 1751 3139; x_wconf 80' lang='lat' dir='ltr'>cod.</span> <span class='ocrx_word' id='word_1_302' title='bbox 1778 3101 1879 3138; x_wconf 84' lang='lat' dir='ltr'>rec.</span> <span class='ocrx_word' id='word_1_303' title='bbox 1906 3085 2170 3153; x_wconf 72' lang='lat' dir='ltr'>plerique.</span> <span class='ocrx_word' id='word_1_304' title='bbox 2204 3086 2211 3149; x_wconf 97' lang='grc' dir='ltr'>Ι</span> <span class='ocrx_word' id='word_1_305' title='bbox 2243 3086 2288 3139; x_wconf 90' lang='grc'>8.</span> <span class='ocrx_word' id='word_1_306' title='bbox 2327 3100 2396 3139; x_wconf 90' lang='lat' dir='ltr'>m.</span> <span class='ocrx_word' id='word_1_307' title='bbox 2433 3085 2630 3138; x_wconf 80' lang='lat' dir='ltr'>acilius</span> <span class='ocrx_word' id='word_1_308' title='bbox 2665 3085 2756 3150; x_wconf 93' lang='grc' dir='ltr'><strong>Β.Ι</strong></span> 
     </span>
    </p>

    <p class='ocr_par' dir='ltr' id='par_1_19' title="bbox 361 3168 2754 3237">
     <span class='ocr_line' id='line_1_35' title="bbox 361 3168 2754 3237; baseline -0.002 -10"><span class='ocrx_word' id='word_1_309' title='bbox 361 3177 409 3228; x_wconf 90' lang='grc'>9.</span> <span class='ocrx_word' id='word_1_310' title='bbox 449 3171 681 3226; x_wconf 88' lang='lat' dir='ltr'>concilia</span> <span class='ocrx_word' id='word_1_311' title='bbox 715 3170 776 3223; x_wconf 93' lang='lat' dir='ltr'>B.</span> <span class='ocrx_word' id='word_1_312' title='bbox 812 3173 820 3234; x_wconf 92' lang='grc' dir='ltr'>Ι</span> <span class='ocrx_word' id='word_1_313' title='bbox 865 3172 944 3224; x_wconf 89' lang='grc'>13.</span> <span class='ocrx_word' id='word_1_314' title='bbox 983 3168 1231 3223; x_wconf 86' lang='lat' dir='ltr'>escendit</span> <span class='ocrx_word' id='word_1_315' title='bbox 1264 3169 1336 3236; x_wconf 68' lang='lat' dir='ltr'>B,</span> <span class='ocrx_word' id='word_1_316' title='bbox 1373 3168 1661 3223; x_wconf 89' lang='lat' dir='ltr'>descendit</span> <span class='ocrx_word' id='word_1_317' title='bbox 1702 3170 1817 3224; x_wconf 82' lang='lat' dir='ltr'>cod.</span> <span class='ocrx_word' id='word_1_318' title='bbox 1842 3187 1942 3224; x_wconf 84' lang='lat' dir='ltr'>rec.</span> <span class='ocrx_word' id='word_1_319' title='bbox 1970 3171 2193 3237; x_wconf 65' lang='lat' dir='ltr'>(Voss),</span> <span class='ocrx_word' id='word_1_320' title='bbox 2222 3169 2474 3223; x_wconf 85' lang='lat' dir='ltr'>ascendit</span> <span class='ocrx_word' id='word_1_321' title='bbox 2509 3172 2589 3225; x_wconf 81' lang='lat' dir='ltr'>ed.</span> <span class='ocrx_word' id='word_1_322' title='bbox 2629 3179 2754 3236; x_wconf 49' lang='lat' dir='ltr'>vet,</span> 
     </span>
    </p>

    <p class='ocr_par' dir='ltr' id='par_1_20' title="bbox 364 3254 2758 3326">
     <span class='ocr_line' id='line_1_36' title="bbox 364 3254 2758 3326; baseline -0.002 -12"><span class='ocrx_word' id='word_1_323' title='bbox 364 3262 444 3314; x_wconf 88' lang='lat'>17.</span> <span class='ocrx_word' id='word_1_324' title='bbox 483 3256 738 3324; x_wconf 62' lang='lat' dir='ltr'>callipoli</span> <span class='ocrx_word' id='word_1_325' title='bbox 763 3256 825 3309; x_wconf 94' lang='lat' dir='ltr'>B.</span> <span class='ocrx_word' id='word_1_326' title='bbox 858 3257 866 3321; x_wconf 93' lang='grc' dir='ltr'>Ι</span> <span class='ocrx_word' id='word_1_327' title='bbox 902 3259 981 3312; x_wconf 90' lang='grc'>18.</span> <span class='ocrx_word' id='word_1_328' title='bbox 1020 3260 1078 3309; x_wconf 90' lang='lat' dir='ltr'>et</span> <span class='ocrx_word' id='word_1_329' title='bbox 1112 3254 1275 3308; x_wconf 87' lang='lat' dir='ltr'>facile</span> <span class='ocrx_word' id='word_1_330' title='bbox 1313 3257 1428 3312; x_wconf 82' lang='lat' dir='ltr'>cod.</span> <span class='ocrx_word' id='word_1_331' title='bbox 1447 3257 1695 3325; x_wconf 75' lang='lat' dir='ltr'>plerique</span> <span class='ocrx_word' id='word_1_332' title='bbox 1731 3255 1817 3322; x_wconf 91' lang='lat' dir='ltr'>(B)</span> <span class='ocrx_word' id='word_1_333' title='bbox 1853 3263 1902 3310; x_wconf 84' lang='lat' dir='ltr'>et</span> <span class='ocrx_word' id='word_1_334' title='bbox 1940 3257 2019 3310; x_wconf 80' lang='lat' dir='ltr'>ed.</span> <span class='ocrx_word' id='word_1_335' title='bbox 2047 3258 2363 3326; x_wconf 75' lang='lat' dir='ltr'>antiquis3.‚·</span> <span class='ocrx_word' id='word_1_336' title='bbox 2410 3262 2465 3310; x_wconf 91' lang='lat' dir='ltr'>et</span> <span class='ocrx_word' id='word_1_337' title='bbox 2500 3257 2559 3310; x_wconf 94' lang='lat' dir='ltr'>id</span> <span class='ocrx_word' id='word_1_338' title='bbox 2595 3256 2758 3311; x_wconf 88' lang='lat' dir='ltr'>facile</span> 
     </span>
    </p>

    <p class='ocr_par' dir='ltr' id='par_1_21' title="bbox 360 3341 2759 3413">
     <span class='ocr_line' id='line_1_37' title="bbox 360 3341 2759 3413; baseline -0.001 -15"><span class='ocrx_word' id='word_1_339' title='bbox 360 3346 428 3408; x_wconf 90' lang='lat' dir='ltr'>M,</span> <span class='ocrx_word' id='word_1_340' title='bbox 467 3343 524 3396; x_wconf 94' lang='lat' dir='ltr'>id</span> <span class='ocrx_word' id='word_1_341' title='bbox 559 3342 723 3396; x_wconf 89' lang='lat' dir='ltr'>facile</span> <span class='ocrx_word' id='word_1_342' title='bbox 758 3344 893 3398; x_wconf 82' lang='lat' dir='ltr'>Lov.</span> <span class='ocrx_word' id='word_1_343' title='bbox 918 3348 968 3410; x_wconf 80' lang='lat'>3,</span> <span class='ocrx_word' id='word_1_344' title='bbox 1015 3341 1179 3396; x_wconf 86' lang='lat' dir='ltr'>facile</span> <span class='ocrx_word' id='word_1_345' title='bbox 1214 3345 1466 3398; x_wconf 78' lang='lat' dir='ltr'>uouuull.</span> <span class='ocrx_word' id='word_1_346' title='bbox 1500 3343 1579 3397; x_wconf 80' lang='lat' dir='ltr'>ed.</span> <span class='ocrx_word' id='word_1_347' title='bbox 1616 3349 1731 3410; x_wconf 68' lang='lat' dir='ltr'>vet„</span> <span class='ocrx_word' id='word_1_348' title='bbox 1768 3344 1818 3397; x_wconf 93' lang='grc' dir='ltr'><strong>Ι.</strong></span> <span class='ocrx_word' id='word_1_349' title='bbox 1845 3344 1914 3396; x_wconf 88' lang='lat' dir='ltr'>F.</span> <span class='ocrx_word' id='word_1_350' title='bbox 1946 3344 2271 3399; x_wconf 76' lang='lat' dir='ltr'>Gronovius,</span> <span class='ocrx_word' id='word_1_351' title='bbox 2315 3347 2323 3408; x_wconf 93' lang='grc' dir='ltr'>Ι</span> <span class='ocrx_word' id='word_1_352' title='bbox 2355 3346 2439 3398; x_wconf 87' lang='grc'>20.</span> <span class='ocrx_word' id='word_1_353' title='bbox 2477 3349 2592 3397; x_wconf 87' lang='lat' dir='ltr'>tam</span> <span class='ocrx_word' id='word_1_354' title='bbox 2630 3359 2759 3413; x_wconf 90' lang='lat' dir='ltr'>quo-</span> 
     </span>
    </p>

    <p class='ocr_par' dir='ltr' id='par_1_22' title="bbox 359 3429 2756 3498">
     <span class='ocr_line' id='line_1_38' title="bbox 359 3429 2756 3498; baseline -0 -15"><span class='ocrx_word' id='word_1_355' title='bbox 359 3447 470 3498; x_wconf 87' lang='lat' dir='ltr'>que</span> <span class='ocrx_word' id='word_1_356' title='bbox 519 3433 567 3484; x_wconf 94' lang='grc' dir='ltr'><strong>Ι.</strong></span> <span class='ocrx_word' id='word_1_357' title='bbox 606 3431 674 3483; x_wconf 84' lang='lat' dir='ltr'>F.</span> <span class='ocrx_word' id='word_1_358' title='bbox 715 3429 1040 3484; x_wconf 76' lang='lat' dir='ltr'>Gronovius.</span> <span class='ocrx_word' id='word_1_359' title='bbox 1082 3431 1091 3494; x_wconf 84' lang='grc'><strong>1</strong></span> <span class='ocrx_word' id='word_1_360' title='bbox 1132 3431 1215 3484; x_wconf 90' lang='grc'><strong>21.</strong></span> <span class='ocrx_word' id='word_1_361' title='bbox 1253 3434 1311 3482; x_wconf 91' lang='lat' dir='ltr'>et</span> <span class='ocrx_word' id='word_1_362' title='bbox 1358 3443 1470 3482; x_wconf 91' lang='lat' dir='ltr'>uno</span> <span class='ocrx_word' id='word_1_363' title='bbox 1517 3429 1589 3496; x_wconf 82' lang='lat' dir='ltr'>M,</span> <span class='ocrx_word' id='word_1_364' title='bbox 1626 3430 1837 3495; x_wconf 83' lang='lat' dir='ltr'>Aldus;</span> <span class='ocrx_word' id='word_1_365' title='bbox 1881 3444 1994 3482; x_wconf 89' lang='lat' dir='ltr'>uno</span> <span class='ocrx_word' id='word_1_366' title='bbox 2037 3430 2102 3497; x_wconf 95' lang='lat' dir='ltr'>B,</span> <span class='ocrx_word' id='word_1_367' title='bbox 2137 3434 2194 3483; x_wconf 88' lang='lat' dir='ltr'>et</span> <span class='ocrx_word' id='word_1_368' title='bbox 2229 3430 2285 3483; x_wconf 90' lang='lat' dir='ltr'>in</span> <span class='ocrx_word' id='word_1_369' title='bbox 2322 3431 2438 3486; x_wconf 82' lang='lat' dir='ltr'>cod.</span> <span class='ocrx_word' id='word_1_370' title='bbox 2464 3448 2564 3486; x_wconf 84' lang='lat' dir='ltr'>rec.</span> <span class='ocrx_word' id='word_1_371' title='bbox 2591 3439 2646 3486; x_wconf 85' lang='lat' dir='ltr'>et</span> <span class='ocrx_word' id='word_1_372' title='bbox 2679 3431 2756 3485; x_wconf 85' lang='lat' dir='ltr'>ed.</span> 
     </span>
    </p>

    <p class='ocr_par' dir='ltr' id='par_1_23' title="bbox 282 3514 2760 3584">
     <span class='ocr_line' id='line_1_39' title="bbox 282 3514 2760 3584; baseline 0 -14"><span class='ocrx_word' id='word_1_373' title='bbox 282 3541 286 3546; x_wconf 93' lang='lat'><strong>·</strong></span> <span class='ocrx_word' id='word_1_374' title='bbox 360 3518 649 3584; x_wconf 73' lang='lat' dir='ltr'>antiquiss.</span> <span class='ocrx_word' id='word_1_375' title='bbox 683 3518 690 3582; x_wconf 90' lang='grc' dir='ltr'>Ι</span> <span class='ocrx_word' id='word_1_376' title='bbox 723 3517 805 3569; x_wconf 92' lang='grc'><strong>24.</strong></span> <span class='ocrx_word' id='word_1_377' title='bbox 831 3514 1087 3569; x_wconf 84' lang='lat' dir='ltr'>heraclea</span> <span class='ocrx_word' id='word_1_378' title='bbox 1112 3515 1182 3584; x_wconf 89' lang='lat' dir='ltr'>M,</span> <span class='ocrx_word' id='word_1_379' title='bbox 1221 3517 1333 3571; x_wconf 82' lang='lat' dir='ltr'>cod.</span> <span class='ocrx_word' id='word_1_380' title='bbox 1369 3517 1589 3570; x_wconf 79' lang='lat' dir='ltr'>Gaertu.</span> <span class='ocrx_word' id='word_1_381' title='bbox 1624 3518 1631 3580; x_wconf 89' lang='grc' dir='ltr'>Ι</span> <span class='ocrx_word' id='word_1_382' title='bbox 1664 3518 1746 3571; x_wconf 87' lang='grc'>25.</span> <span class='ocrx_word' id='word_1_383' title='bbox 1785 3516 2091 3569; x_wconf 85' lang='lat' dir='ltr'>messelene</span> <span class='ocrx_word' id='word_1_384' title='bbox 2129 3516 2189 3570; x_wconf 93' lang='lat' dir='ltr'>B.</span> <span class='ocrx_word' id='word_1_385' title='bbox 2223 3519 2231 3583; x_wconf 89' lang='grc'><strong>1</strong></span> <span class='ocrx_word' id='word_1_386' title='bbox 2264 3519 2347 3571; x_wconf 88' lang='grc'>27.</span> <span class='ocrx_word' id='word_1_387' title='bbox 2374 3516 2517 3570; x_wconf 89' lang='lat' dir='ltr'>duae</span> <span class='ocrx_word' id='word_1_388' title='bbox 2543 3519 2679 3574; x_wconf 86' lang='lat' dir='ltr'>Lov.</span> <span class='ocrx_word' id='word_1_389' title='bbox 2699 3522 2760 3580; x_wconf 82' lang='lat'>2,-</span> 
     </span>
    </p>

    <p class='ocr_par' dir='ltr' id='par_1_24' title="bbox 361 3600 2758 3670">
     <span class='ocr_line' id='line_1_40' title="bbox 361 3600 2758 3670; baseline -0 -15"><span class='ocrx_word' id='word_1_390' title='bbox 361 3603 411 3655; x_wconf 74' lang='lat' dir='ltr'>8z</span> <span class='ocrx_word' id='word_1_391' title='bbox 437 3602 580 3655; x_wconf 89' lang='lat' dir='ltr'>duae</span> <span class='ocrx_word' id='word_1_392' title='bbox 604 3602 650 3654; x_wconf 94' lang='lat' dir='ltr'><strong>B</strong></span> <span class='ocrx_word' id='word_1_393' title='bbox 686 3609 735 3656; x_wconf 83' lang='lat' dir='ltr'>et</span> <span class='ocrx_word' id='word_1_394' title='bbox 770 3600 886 3657; x_wconf 75' lang='lat' dir='ltr'>co‘d.</span> <span class='ocrx_word' id='word_1_395' title='bbox 913 3620 1010 3657; x_wconf 84' lang='lat' dir='ltr'>rec.</span> <span class='ocrx_word' id='word_1_396' title='bbox 1039 3602 1261 3670; x_wconf 66' lang='lat' dir='ltr'>(Voss),</span> <span class='ocrx_word' id='word_1_397' title='bbox 1298 3601 1502 3655; x_wconf 86' lang='lat' dir='ltr'>etenim</span> <span class='ocrx_word' id='word_1_398' title='bbox 1547 3600 1693 3654; x_wconf 86' lang='lat' dir='ltr'>duae</span> <span class='ocrx_word' id='word_1_399' title='bbox 1728 3603 1808 3656; x_wconf 84' lang='lat' dir='ltr'>ed.</span> <span class='ocrx_word' id='word_1_400' title='bbox 1836 3609 1929 3657; x_wconf 84' lang='lat' dir='ltr'>vet.</span> <span class='ocrx_word' id='word_1_401' title='bbox 1964 3604 1974 3668; x_wconf 82' lang='grc' dir='ltr'>Ι</span> <span class='ocrx_word' id='word_1_402' title='bbox 2006 3607 2064 3655; x_wconf 91' lang='lat' dir='ltr'>et</span> <span class='ocrx_word' id='word_1_403' title='bbox 2097 3602 2216 3656; x_wconf 90' lang='lat' dir='ltr'>Elis</span> <span class='ocrx_word' id='word_1_404' title='bbox 2252 3621 2352 3658; x_wconf 85' lang='lat' dir='ltr'>om.</span> <span class='ocrx_word' id='word_1_405' title='bbox 2380 3602 2442 3656; x_wconf 92' lang='lat' dir='ltr'>B.</span> <span class='ocrx_word' id='word_1_406' title='bbox 2476 3604 2484 3670; x_wconf 94' lang='grc' dir='ltr'>Ι</span> <span class='ocrx_word' id='word_1_407' title='bbox 2517 3606 2601 3660; x_wconf 90' lang='grc'>28.</span> <span class='ocrx_word' id='word_1_408' title='bbox 2641 3618 2758 3657; x_wconf 89' lang='lat' dir='ltr'>sen·</span> 
     </span>
    </p>

    <p class='ocr_par' dir='ltr' id='par_1_25' title="bbox 362 3686 2755 3843">
     <span class='ocr_line' id='line_1_41' title="bbox 362 3686 2755 3758; baseline 0.001 -18"><span class='ocrx_word' id='word_1_409' title='bbox 362 3686 542 3741; x_wconf 87' lang='lat' dir='ltr'>tiebat</span> <span class='ocrx_word' id='word_1_410' title='bbox 577 3687 689 3741; x_wconf 89' lang='lat' dir='ltr'>lelii</span> <span class='ocrx_word' id='word_1_411' title='bbox 724 3693 909 3741; x_wconf 86' lang='lat' dir='ltr'>tamen</span> <span class='ocrx_word' id='word_1_412' title='bbox 944 3687 1006 3740; x_wconf 91' lang='lat' dir='ltr'>B.</span> <span class='ocrx_word' id='word_1_413' title='bbox 1040 3691 1048 3752; x_wconf 92' lang='grc' dir='ltr'>Ι</span> <span class='ocrx_word' id='word_1_414' title='bbox 1079 3689 1164 3743; x_wconf 85' lang='grc'><strong>30.</strong></span> <span class='ocrx_word' id='word_1_415' title='bbox 1202 3687 1545 3755; x_wconf 85' lang='lat' dir='ltr'>cogitaturos</span> <span class='ocrx_word' id='word_1_416' title='bbox 1579 3686 1655 3757; x_wconf 76' lang='lat' dir='ltr'>qd</span> <span class='ocrx_word' id='word_1_417' title='bbox 1691 3686 1799 3741; x_wconf 90' lang='lat' dir='ltr'>sibi</span> <span class='ocrx_word' id='word_1_418' title='bbox 1834 3686 2148 3742; x_wconf 85' lang='lat' dir='ltr'>faciendum</span> <span class='ocrx_word' id='word_1_419' title='bbox 2194 3693 2346 3743; x_wconf 86' lang='lat' dir='ltr'>esset</span> <span class='ocrx_word' id='word_1_420' title='bbox 2380 3689 2443 3756; x_wconf 93' lang='lat' dir='ltr'>B,</span> <span class='ocrx_word' id='word_1_421' title='bbox 2481 3690 2755 3758; x_wconf 84' lang='lat' dir='ltr'>cogitatu-</span> 
     </span>
     <span class='ocr_line' id='line_1_42' title="bbox 363 3772 1744 3843; baseline 0.002 -17"><span class='ocrx_word' id='word_1_422' title='bbox 363 3790 455 3828; x_wconf 92' lang='lat' dir='ltr'>ros</span> <span class='ocrx_word' id='word_1_423' title='bbox 491 3791 551 3829; x_wconf 86' lang='lat' dir='ltr'>se</span> <span class='ocrx_word' id='word_1_424' title='bbox 587 3774 722 3843; x_wconf 88' lang='lat' dir='ltr'>quid</span> <span class='ocrx_word' id='word_1_425' title='bbox 757 3772 1071 3828; x_wconf 85' lang='lat' dir='ltr'>faciendum</span> <span class='ocrx_word' id='word_1_426' title='bbox 1108 3778 1260 3827; x_wconf 89' lang='lat' dir='ltr'>esset</span> <span class='ocrx_word' id='word_1_427' title='bbox 1294 3777 1428 3830; x_wconf 87' lang='lat' dir='ltr'>Lov.</span> <span class='ocrx_word' id='word_1_428' title='bbox 1452 3779 1506 3841; x_wconf 79' lang='lat'>2,</span> <span class='ocrx_word' id='word_1_429' title='bbox 1553 3776 1700 3831; x_wconf 79' lang='lat' dir='ltr'>Voss,</span> <span class='ocrx_word' id='word_1_430' title='bbox 1736 3776 1744 3841; x_wconf 95' lang='grc' dir='ltr'>Ι</span> 
     </span>
    </p>
   </div>
  </div>
 </body>
</html>
