2925 4278
378 79 458 141 78
856 97 1081 150 LIBER
1118 97 1414 151 XXXVII.
1455 97 1621 150 oAP.
1648 100 1731 151 24.
1758 99 1839 150 25.
1881 97 1946 163 [a.
1975 95 2038 148 U.
2066 111 2110 148 ο.
2138 97 2276 163 564].

274 284 329 327 11
371 272 550 352 foret,
598 273 934 337 redierunt.
1027 272 1369 351 Hannibal,
1429 272 1590 336 ictus
1650 292 1775 335 uno
1835 271 2069 355 proelio
2134 271 2419 351 adverSO,
2474 291 2559 335 ne
2616 277 2739 334 tum

370 359 625 440 quidem
671 359 1071 443 praetervehi
1116 359 1381 441 Lyciam
1426 358 1722 440 audebat,
1773 378 1914 421 cum
1962 358 2259 441 coniungi
2287 358 2486 422 veteri
2532 359 2740 441 regiae

269 453 329 499 12
370 446 555 510 classi
604 465 792 527 quam
835 446 1107 530 primum
1155 452 1427 529 cuperet.
1523 451 1584 508 et
1631 465 1711 509 ne
1757 443 1824 507 id
1872 445 1929 509 ei
1976 444 2185 508 facere
2245 444 2513 508 liberum
2562 454 2739 522 esset,

366 531 595 598 Rhodii
644 532 1048 599 Chariclitum
1111 552 1251 595 cum
1312 531 1538 615 viginti
1595 532 1866 596 navibus
1928 532 2211 596 rostratis
2270 529 2354 594 ad
2397 532 2631 595 Patara
2688 538 2742 594 et

272 627 329 673 13
366 619 679 702 Megisten
723 625 972 703 portum
1019 619 1340 683 miserunt.
1432 618 1786 682 Eudamum
1834 638 1974 682 cum
2021 624 2261 701 septem
2309 618 2583 683 navibus
2628 637 2743 680 ma·
2799 629 2819 673 5

370 706 559 770 Ximis
605 727 687 770 eX
736 725 812 770 ea
858 706 1077 785 classe,
1126 706 1224 769 cui
1272 705 1653 789 praefuerat,
1702 706 1960 771 Samum
2022 704 2227 768 redire
2287 704 2371 768 ad
2430 706 2744 768 Romanos

368 792 703 871 iusserunt,
749 798 838 872 ut,
887 799 1187 874 quantum
1235 792 1514 872 consilio,
1548 799 1852 873 quantum
1882 792 2253 856 auctoritate
2284 791 2543 872 valeret,
2594 811 2744 855 com-

368 879 630 963 pelleret
675 881 994 943 Romanos
1038 879 1123 943 ad
1165 879 1397 942 Patara
1442 878 1889 962 expugnanda.

306 975 327 1018 1
578 966 781 1029 XXV.
831 966 1128 1048 Magnam
1175 966 1477 1029 Romanis
1522 965 1830 1029 laetitiam
1889 965 2063 1049 prius
2109 964 2410 1028 victoriae
2470 964 2742 1043 nuntius

301 1060 330 1105 2
370 1051 602 1116 deinde
647 1051 960 1116 adventus
1004 1052 1213 1116 attulit
1256 1051 1676 1134 Rhodiorum3
1727 1057 1789 1115 et
1833 1052 2200 1136 apparebat,
2265 1051 2317 1115 si
2363 1050 2629 1115 Rhodiis
2675 1070 2744 1115 ea
2777 1060 2816 1106 10

369 1158 519 1202 cura·
564 1138 824 1222 dempta
870 1139 1110 1219 fuisset,
1157 1159 1391 1203 vacuos
1438 1158 1545 1202 eos
1592 1145 1726 1202 tuta
1787 1139 1923 1202 eius
1983 1138 2258 1221 regionis
2317 1138 2519 1201 maria.
2580 1157 2744 1222 prae-

370 1232 659 1290 staturos.
754 1225 869 1289 sed
915 1225 1216 1309 profectio
1263 1224 1560 1289 Antiochi
1619 1227 1702 1289 ab
1763 1225 2068 1290 Sardibus
2114 1234 2457 1308 metusque,
2521 1246 2608 1290 ne
2654 1245 2746 1307 op-

369 1313 787 1396 primerentur
849 1312 1198 1376 maritimae
1258 1313 1468 1391 urbes,
1530 1311 1872 1376 abscedere
1929 1310 2214 1376 custodia
2279 1310 2501 1376 Ioniae
2565 1319 2746 1392 atque

299 1407 329 1452 3
369 1399 648 1462 Aeolidis
694 1397 1165 1482 prohibuerunt.
1258 1397 1724 1482 Pamphilidam
1773 1418 1913 1462 cum
1947 1404 2240 1479 quattuor
2268 1397 2543 1462 navibus
2574 1398 2746 1462 tectis

298 1495 330 1539 4
366 1484 450 1547 ad
497 1506 637 1549 eam
684 1485 970 1565 classem,
1033 1506 1193 1566 quae
1255 1485 1422 1550 circa
1482 1486 1712 1548 Patara
1774 1492 1927 1564 erat,
1989 1485 2310 1548 miserunt.
2404 1483 2745 1549 Antiochus
2781 1490 2826 1536 15

368 1591 493 1634 non
542 1571 892 1635 civitatium
937 1571 1142 1651 mod0,
1192 1592 1354 1653 quae
1401 1572 1567 1635 circa
1612 1592 1680 1636 se
1727 1578 1924 1652 erant,
1973 1569 2386 1635 contrahebat
2415 1570 2747 1654 praesidia,

370 1657 483 1721 sed
543 1657 626 1721 ad
702 1658 988 1722 Prusiam
1049 1657 1390 1739 Bithyniae
1458 1678 1674 1741 regem
1734 1658 1976 1740 legatos
2044 1657 2302 1721 miserat
2368 1657 2747 1739 litterasque,

301 1755 331 1801 5
374 1744 602 1825 quibus
648 1745 981 1809 transitum
1026 1745 1091 1808 in
1138 1745 1356 1808 Asiam
1418 1746 1841 1808 Romanorum
1903 1745 2305 1827 increpabat:
2369 1745 2592 1810 venire
2653 1761 2747 1808 eos

368 1830 449 1894 ad
495 1831 709 1895 omnia
752 1851 950 1915 regna
995 1830 1295 1911 tollenda,
1358 1838 1427 1894 ut
1473 1830 1711 1895 nullum
1775 1851 2042 1912 usquam
2102 1831 2174 1891 in
2236 1831 2387 1895 orbe
2448 1838 2747 1895 terrarum

303 1928 333 1973 6
376 1918 496 1982 nisi
542 1919 896 1981 Romanum
942 1918 1272 2001 imperium
1320 1924 1505 1982 esset.
1598 1916 1978 2000 Philippum,
2025 1918 2259 1992 Nabim
2318 1925 2745 2002 expugnatos3
2777 1922 2820 1968 '2⁰

582 2183 626 2234 1.
652 2178 794 2232 ictus
820 2180 934 2235 eod.
963 2196 1062 2233 ree.
1084 2186 1131 2232 et
1167 2180 1246 2232 ecl.
1276 2186 1371 2232 vet.
1399 2196 1532 2246 quas
1569 2179 1683 2232 vicli
1720 2195 1924 2240 omnes;
1960 2177 2141 2230 uictus
2175 2177 2302 2245 ΒΜ,
2339 2177 2586 2233 inuictus
2623 2180 2745 2234 coni.

368 2267 694 2336 Heusinyer.
729 2268 736 2331 Ι
768 2268 816 2320 2.
854 2265 1081 2333 Lyciam
1119 2264 1364 2317 audebat
1399 2266 1515 2320 cod.
1543 2272 1590 2318 et
1616 2266 1695 2318 ecl.
1721 2271 1843 2326 vet.,·
1879 2264 2106 2332 Lyciam
2129 2285 2190 2314 *κε
2213 2264 2459 2318 audebat
2486 2268 2744 2322 Weissen-

370 2356 504 2408 born
551 2354 630 2408 ecl.
662 2354 859 2407 Teubn.
898 2354 1113 2420 aliquid
1158 2354 1413 2406 omissum
1459 2369 1567 2406 esse
1614 2353 1937 2419 suspicatae,
1987 2350 2212 2419 Lyciam
2258 2350 2583 2419 ambigebat
2619 2355 2746 2407 Doe-

368 2442 509 2509 rinq,
549 2441 872 2509 Heusinyer,
909 2441 1003 2494 sed
1040 2441 1107 2506 cf.
1134 2441 1214 2493 M.
1242 2441 1474 2493 Mueller
1501 2456 1561 2507 p.
1582 2439 1712 2506 VII,
1751 2438 1979 2507 Lyciam
2026 2437 2358 2506 desperabat
2401 2442 2482 2493 vel
2527 2440 2746 2493 desiste-

366 2526 466 2579 bat
516 2529 647 2581 olim
695 2528 1007 2580 dubitanter
1040 2527 1430 2592 Weissenborn,
1475 2526 1568 2579 sed
1613 2528 1681 2592 cf.
1707 2543 1854 2578 nunc
1898 2526 2121 2579 eundem
2156 2527 2234 2579 ed.
2265 2527 2491 2580 Weidm.
2509 2545 2574 2596 p.
2601 2531 2711 2580 199.
2738 2506 2744 2576 Ι

368 2617 417 2667 3.
457 2617 514 2666 et
552 2631 652 2667 om.
682 2613 1007 2682 Heusinyer.
1041 2612 1048 2678 Ι
1080 2614 1128 2666 4.
1167 2611 1324 2665 rhodi
1360 2612 1421 2665 B.
1455 2614 1464 2676 Ι
1496 2616 1545 2666 5.
1582 2617 1872 2679 megysten
1909 2611 1971 2664 B.
2006 2612 2014 2677 Ι
2046 2615 2093 2666 7.
2131 2616 2194 2663 ut
2230 2611 2301 2680 M,
2337 2614 2622 2682 Moyunt.;
2656 2630 2747 2668 om.

366 2702 460 2755 rel.
500 2701 616 2754 eod.
655 2706 704 2753 et
753 2700 832 2753 ed.
871 2701 1154 2768 antiquiss.
1206 2703 1213 2764 Ι
1265 2703 1314 2754 8.
1352 2698 1423 2751 ad
1472 2699 1673 2752 Patara
1692 2755 1697 2758 ,
1719 2698 2086 2767 expugnanda
2130 2699 2200 2765 B,
2246 2698 2318 2752 ad
2363 2699 2620 2753 Pataram
2668 2714 2748 2751 ex-

368 2785 722 2853 pugnandam
761 2787 841 2839 ed.
869 2787 1054 2839 Parin.
1082 2790 1235 2852 1480,
1273 2786 1406 2839 Par.
1433 2790 1587 2852 1510,
1625 2785 1696 2838 ad
1740 2789 1989 2852 pataram
2035 2785 2463 2853 oppugnandam
2509 2788 2624 2842 eod.
2653 2802 2745 2839 ree.

360 2876 606 2942 plerique
655 2880 702 2927 et
748 2874 828 2927 ed.
863 2879 958 2927 vel.
1001 2875 1009 2937 Ι
1050 2876 1098 2927 9.
1146 2872 1413 2925 laetitiam
1457 2872 1695 2925 romanis
1740 2871 1847 2924 iam
1892 2872 2045 2939 prius
2101 2871 2325 2925 nuntius
2369 2872 2638 2927 uictoriae
2683 2870 2744 2936 M,

368 2962 563 3015 Aldus.
607 2960 614 3026 1
661 2962 739 3014 10.
791 2959 978 3013 rhodis
1027 2959 1087 3012 B.
1139 2962 1146 3025 Ι
1200 2962 1278 3014 12.
1326 2963 1614 3025 metusque
1664 2961 1790 3013 add.
1833 2961 2242 3026 Weissenborn;
2292 2965 2585 3028 metusque
2629 2956 2745 3012 inde

369 3048 449 3100 M.
478 3048 724 3113 Mueller,
763 3048 857 3101 secl
894 3049 963 3114 cf.
991 3047 1067 3100 H.
1094 3049 1142 3100 Ι.
1168 3048 1403 3100 Mueller
1438 3064 1567 3099 ann.
1596 3047 1777 3101 Berol.
1803 3050 1937 3099 1891
1969 3064 2028 3115 p.
2055 3051 2172 3100 168.
2206 3048 2213 3113 Ι
2250 3049 2327 3100 14.
2354 3045 2744 3113 prohibuerunt

369 3134 482 3188 eod.
511 3135 760 3202 plerique
805 3132 878 3198 (M
891 3133 919 3185 ⁶?
938 3133 1003 3197 B)
1047 3139 1096 3186 et
1141 3134 1220 3186 ed.
1257 3139 1383 3199 ·vet.‚·
1428 3131 1710 3200 prohibuit
1745 3133 1879 3188 Lov.
1906 3138 1955 3199 3,
1993 3134 2234 3188 Modius.
2268 3135 2277 3199 Ι
2313 3136 2390 3187 15.
2428 3134 2631 3187 Patara
2672 3130 2742 3185 ed.

369 3220 544 3273 Basil.
574 3224 712 3273 1535
721 3240 741 3286 ,·
774 3218 968 3287 patara
1006 3220 1119 3274 cod.
1159 3219 1244 3286 (B)
1282 3227 1330 3274 et
1366 3221 1445 3273 ed.
1484 3221 1769 3287 antiquiss.
1803 3221 1810 3285 Ι
1847 3222 1924 3274 16.
1964 3220 2107 3272 circa
2144 3234 2204 3272 se
2245 3222 2359 3276 cod.
2389 3223 2635 3289 plerique
2667 3216 2744 3283 (B)

369 3312 417 3359 et
462 3308 543 3360 ed.
581 3314 695 3372 vet„
744 3310 812 3374 cf.
850 3308 930 3360 M.
966 3308 1200 3360 Mueller
1238 3324 1298 3375 p.
1333 3309 1470 3373 VII;
1514 3320 1574 3359 se
1620 3306 1763 3359 circa
1807 3312 1844 3360 2
1878 3308 1992 3362 cod.
2029 3325 2147 3372 rec„
2186 3306 2330 3360 circa
2368 3310 2441 3362 N.
2469 3309 2741 3368 Heinsius,

369 3393 682 3459 Heumann,
718 3394 954 3462 Madvig}
988 3395 1075 3454 (in
1113 3408 1172 3446 se
1211 3396 1316 3449 loci
1351 3411 1548 3448 nomen
1584 3400 1899 3461 corruptum
1935 3411 2042 3447 esse
2078 3396 2208 3447 olim
2237 3397 2457 3463 putavit
2492 3398 2741 3451 Weissen-

370 3481 502 3535 born
540 3481 622 3534 ecl.
650 3481 848 3533 Teubn.
866 3485 1048 3549 praef.
1066 3500 1126 3549 p.
1154 3483 1311 3548 XX).
1346 3482 1354 3545 Ι
1389 3485 1469 3535 17.
1507 3479 1775 3533 bithiniae
1813 3480 1874 3532 B.
1908 3481 1915 3546 Ι
1951 3483 2029 3534 19.
2057 3495 2289 3547 usquam
2326 3481 2382 3534 in
2419 3482 2551 3535 orbe
2589 3479 2738 3536 Mad-

368 3568 457 3636 viy
494 3568 617 3620 Em.
646 3567 713 3619 L.
734 3584 792 3634 p.
820 3571 938 3633 529,
965 3571 1033 3635 ef.
1060 3570 1192 3636 infr.
1218 3567 1256 3636 §
1282 3573 1376 3635 10;
1420 3582 1656 3634 usquam
1701 3565 1852 3620 orbis
1898 3568 2013 3622 cod.
2040 3573 2089 3620 et
2124 3569 2202 3622 ed.
2227 3576 2340 3632 vet„
2378 3585 2608 3637 usquam
2644 3568 2736 3633 [or-

369 3651 476 3721 bis]
523 3659 818 3721 praeeunte
869 3656 1299 3709 Weissenbornio
1354 3655 1447 3722 (cf.
1493 3655 1573 3708 ecl.
1612 3654 1838 3708 Weidm.
1873 3672 1934 3722 p.
1975 3657 2082 3707 200
2122 3655 2275 3721 adn.)
2330 3657 2412 3709 M.
2456 3657 2690 3710 Mueller.
2725 3651 2730 3716 j

368 3741 449 3794 20.
489 3737 686 3792 Nabim
722 3739 886 3805 (naui
909 3739 976 3806 B)
1012 3741 1127 3795 cod.
1146 3741 1416 3809 plerique;
1452 3744 1510 3793 et
1545 3736 1689 3792 nabi
1712 3742 1959 3794 nonnull.
1998 3741 2113 3795 cod.
2147 3758 2248 3796 ree.
2275 3749 2323 3795 et
2359 3744 2438 3796 ed.
2464 3750 2557 3797 vet.
2590 3746 2597 3807 1
