2925 4278
728 147 951 201 LIBER
987 147 1283 202 xxxva.
1321 146 1488 201 cAP.
1515 150 1599 201 24.
1637 148 1709 215 [a.
1737 147 1801 202 U.
1828 165 1872 202 c.
1900 149 2042 217 564].
2493 132 2568 194 77

189 343 331 388 mos
376 322 767 405 detergebat,
812 330 922 387 aut
967 322 1162 387 libero
1207 322 1371 386 inter
1414 321 1669 388 ordines
1714 322 1997 388 discursu
2028 330 2461 423 praetervecta
2506 324 2571 388 in

188 409 459 495 puppim
504 409 807 493 impetum
853 408 1064 474 dabat.
1155 410 1432 473 maxime
1462 410 1766 473 exterruit
1795 409 2073 494 hepteris
2102 411 2278 493 regia
2306 431 2347 474 a
2376 411 2570 475 multo

189 498 439 562 minore
485 494 736 561 Rhodia
779 516 947 560 nave
992 516 1117 559 uno
1162 496 1289 559 ictu
1336 495 1642 561 demersa.
1734 497 1945 578 itaque
1991 497 2119 561 iam
2165 497 2336 561 haud
2383 497 2571 562 dubie

192 584 491 648 dextrum
539 602 732 647 cornu
774 582 1048 648 hostium
1094 583 1160 646 in
1205 582 1421 665 fugam
1467 583 1830 646 inclinabat.
1921 583 2275 647 Eudamum
2335 584 2401 647 in
2446 584 2571 648 alto

118 694 151 740 5
191 669 600 735 multitudine
668 669 924 733 navium
985 669 1260 733 maxime
1321 669 1674 749 Hannibal,
1737 671 1961 734 ceteris
2028 670 2319 734 omnibus
2384 671 2573 753 longe

194 764 648 841 praestantem,
710 758 1009 839 urgebat;
1080 762 1142 820 et
1202 756 1733 837 circumvenisset,
1796 758 1860 820 ni
1928 757 2110 841 signo
2178 757 2423 821 sublato
2492 777 2572 820 ex

196 844 511 928 praetoria
555 863 739 924 nave,
786 862 909 925 quo
957 841 1306 927 dispersam
1354 844 1617 908 classem
1664 844 1729 906 in
1776 864 1968 907 unum
2017 844 2222 927 colligi
2254 863 2390 907 mos
2420 851 2571 923 erat,

195 949 415 995 omnes
461 949 625 1011 quae
671 929 737 992 in
782 929 1004 994 dextro
1052 949 1243 993 cornu
1288 928 1572 993 vicerant
1617 950 1815 994 naves
1874 931 1958 994 ad
1986 951 2187 1030 ’opem
2247 930 2570 996 ferendam

191 1018 327 1082 suis
374 1016 850 1081 concurrissent.
944 1023 1075 1080 tum
1121 1022 1185 1079 et
1229 1016 1552 1080 Hannibal
1598 1036 1884 1097 quaeque
1946 1017 2114 1081 circa
2173 1037 2315 1081 eum
2375 1038 2498 1081 nav
2504 1038 2572 1082 es

85 1124 153 1171 10
194 1109 381 1168 erant
436 1110 773 1186 capessunt
831 1103 1084 1186 fugam;
1146 1120 1265 1165 nec
1330 1101 1579 1183 insequi
1645 1102 1874 1167 Rhodii
1942 1124 2022 1167 ex
2090 1125 2325 1187 magna
2390 1112 2570 1188 parte

189 1191 408 1271 aegris
453 1196 515 1253 et
560 1189 640 1253 ob
686 1189 751 1252 id
796 1189 1057 1254 celerius
1105 1187 1290 1252 fessis
1333 1189 1677 1288 remigibus
1708 1197 2060 1273 potuerunt.
2139 1210 2279 1253 cum
2325 1191 2390 1253 in
2423 1191 2569 1270 alt0,

190 1278 304 1342 ubi
366 1275 795 1354 substiterant,
865 1276 1003 1339 cibo
1071 1275 1403 1339 reficerent
1467 1276 1655 1355 vireS,
1725 1277 2182 1360 contemplatus
2251 1276 2570 1340 Eudamus

190 1363 413 1427 hostes
459 1361 715 1426 claudas
759 1361 1205 1443 mutilatasque
1251 1382 1449 1426 naves
1495 1363 1729 1446 apertis
1790 1364 2061 1427 navibus
2122 1363 2394 1427 remulco
2456 1371 2571 1426 tra·

189 1450 438 1529 henteS,
488 1448 714 1531 viginti
759 1448 948 1531 paulo
994 1449 1263 1532 amplius
1307 1448 1588 1532 integras
1632 1449 2068 1529 abscedenteS,
2118 1470 2152 1514 e
2198 1450 2350 1513 turri
2397 1469 2571 1533 prae-

83 1557 151 1604 15
190 1536 395 1600 toriae
442 1536 626 1599 navis
672 1534 921 1598 silentio
964 1535 1134 1600 facto
1184 1536 1610 1619 „exsurgite“,
1658 1536 1862 1617 inquit
1911 1544 2014 1621 „et
2046 1537 2370 1619 egregium
2403 1556 2572 1619 spec-

187 1624 468 1688 taculum
515 1621 827 1705 capessite
873 1621 1127 1686 oculis“.
1222 1642 1673 1686 consurrexere
1734 1642 1971 1703 omnes,
2043 1623 2572 1707 contemplatique

190 1709 677 1795 trepidationem
721 1707 1065 1791 fugamque
1110 1707 1402 1788 hostium,
1452 1709 1669 1771 alacri
1714 1730 1790 1773 ac
1835 1730 2031 1794 prope
2077 1730 2203 1774 una
2247 1729 2401 1775 voce
2448 1730 2572 1775 om·

196 1816 304 1861 nes
349 1803 420 1860 ut
467 1801 877 1876 sequerentur
920 1795 1453 1859 exclamaverunt.
1550 1796 1745 1879 ipsius
1789 1796 2058 1860 Eudami
2103 1796 2314 1862 multis
2345 1796 2573 1861 ictibus

193 1884 521 1948 vulnerata
566 1882 752 1946 navis
799 1887 965 1963 erat3
1011 1880 1475 1965 Pamphilidam
1522 1893 1584 1948 et
1616 1882 2025 1947 Chariclitum
2056 1884 2323 1964 insequi,
2366 1883 2572 1965 quoad

84 1990 150 2037 20
186 1976 487 2054 putarent
530 1974 753 2048 tutum,
801 1968 998 2050 iussit.
1091 1967 1483 2050 aliquamdiu
1529 1969 1726 2034 secuti
1773 1976 1950 2052 sunt;
1997 1977 2332 2053 postquam
2364 1977 2568 2033 terrae

183 2056 740 2141 appropinquabat
784 2055 1124 2135 Hannibal,
1172 2055 1374 2135 veriti,
1422 2077 1503 2121 ne
1563 2055 2031 2120 includerentur
2091 2064 2281 2121 vento
2341 2057 2406 2120 in
2469 2056 2571 2120 ho-

184 2145 380 2208 stium
425 2165 553 2223 ora,
600 2142 685 2206 ad
729 2142 1081 2206 Eudamum
1126 2143 1363 2208 revecti
1424 2142 1749 2227 hepterem
1812 2150 2081 2227 captam,
2145 2164 2308 2225 quae
2370 2144 2571 2227 primo

183 2250 495 2297 concursu
555 2229 682 2292 icta
742 2235 893 2308 erat,
952 2249 1144 2312 aegre
1188 2229 1590 2295 Phaselidem
1650 2237 2107 2314 pertraxerunt.
2199 2231 2348 2295 inde
2407 2230 2571 2294 Rho-

181 2316 336 2381 dum
386 2338 509 2380 non
557 2323 688 2379 tam
733 2315 995 2380 victoria
1039 2315 1207 2394 laeti,
1255 2335 1442 2398 quam
1489 2317 1649 2381 alius
1693 2317 1886 2380 alium
1931 2324 2325 2397 accusanteS,
2382 2317 2567 2398 quod,

80 2424 144 2472 25
184 2424 329 2469 cum
378 2403 704 2487 potuisset,
752 2422 878 2466 non
937 2403 1138 2467 omnis
1199 2405 1526 2467 submersa
1583 2409 1693 2466 aut
1754 2411 1941 2488 capta
2006 2404 2225 2469 classis
2292 2402 2569 2468 hostium

396 2596 446 2648 3.
482 2592 624 2660 itaq,
660 2592 798 2646 haut
833 2591 1000 2644 dubie
1036 2593 1097 2645 B.
1131 2594 1138 2655 Ι
1169 2595 1218 2646 4.
1257 2592 1570 2646 declinabat
1593 2594 1655 2646 B.
1689 2599 1696 2660 1
1729 2596 1775 2647 6.
1802 2597 2174 2660 praestantem
2209 2593 2280 2660 M,
2315 2595 2571 2648 nonnulli

179 2682 298 2737 cod.
334 2697 437 2735 ree.
472 2680 654 2745 (Voss.
669 2681 736 2747 ἓ),
783 2681 997 2741 Aldus‚·
1048 2683 1396 2745 praestanter
1448 2681 1563 2735 cod.
1600 2681 1848 2748 plerique
1890 2679 1976 2746 (B)
2030 2686 2079 2734 et
2125 2681 2203 2734 ed.
2239 2679 2564 2748 antiquiss!

179 2772 227 2824 8.
276 2767 334 2820 in
379 2764 578 2819 dextro
622 2780 793 2818 cornu
840 2767 954 2821 cod.
989 2772 1037 2818 et
1081 2767 1188 2832 ed.,·
1231 2764 1287 2817 in
1332 2764 1507 2819 altero
1553 2781 1722 2819 cornu
1770 2769 1908 2821 coni.
1938 2768 2275 2835 Perizonius,
2310 2766 2567 2819 dextrum

178 2869 354 2908 cornu
401 2854 793 2908 Drakenborch
847 2855 909 2906 in
953 2854 1100 2920 adn„
1135 2852 1191 2904 in
1238 2852 1398 2905 laevo
1444 2868 1611 2906 cornu
1657 2853 1883 2908 Crevier.
1917 2854 1925 2921 Ι
1956 2856 2004 2907 9.
2043 2868 2213 2906 naves
2260 2857 2415 2907 erant
2452 2854 2566 2908 cod.

171 2944 422 3011 plerique
450 2940 533 3008 (B,
559 2942 693 2995 Lov.
718 2945 769 3006 2,
802 2941 974 3006 Voss.)
983 2963 1000 3004 ;
1035 2946 1191 2992 erant
1226 2954 1398 2993 naues
1425 2943 1682 2995 nonnulli
1706 2943 1821 2997 cod.
1841 2959 1942 2996 ree.
1962 2947 2012 2994 et
2036 2942 2113 2994 ed.
2135 2947 2228 2995 vet.
2264 2944 2270 3005 Ι
2307 2944 2384 2995 10.
2410 2939 2568 2993 rhodi

174 3029 239 3081 Β.
275 3033 283 3094 Ι
320 3031 402 3082 12.
441 3026 730 3080 reficerent
776 3026 920 3080 vires
970 3029 1081 3082 cod.
1130 3045 1227 3083 rec.
1276 3035 1324 3080 et
1369 3029 1446 3082 ed.
1496 3035 1589 3082 vet.
1626 3046 1761 3096 quas
1806 3030 1923 3082 vidi
1968 3045 2164 3095 omnes,
2203 3030 2271 3095 cf.
2299 3029 2380 3090 ΙΙ,
2407 3030 2489 3092 65,
2517 3031 2566 3092 5,

184 3117 342 3184 Verq.
376 3116 572 3183 Geory.
597 3116 716 3176 III,
740 3118 876 3181 2355
922 3113 1273 3167 reficerentur
1309 3113 1454 3167 uires
1492 3115 1598 3182 M‘?,
1635 3114 1991 3167 reficerentur
2025 3114 2087 3180 B,
2126 3114 2270 3181 quod
2311 3131 2422 3168 non
2466 3115 2564 3166 im-

169 3204 375 3271 probat
410 3202 788 3256 Weissenborn
834 3202 914 3255 ed.
951 3202 1172 3254 Weidm.
1199 3219 1258 3269 p.
1286 3205 1392 3254 198
1436 3203 1563 3255 adn.
1606 3204 1667 3256 cl.
1695 3202 1903 3268 XXII,
1928 3207 1978 3268 9,
2005 3206 2052 3253 4.
2087 3202 2094 3268 Ι
2131 3203 2209 3254 13.
2248 3198 2424 3252 hostis
2460 3198 2520 3251 B.
2554 3198 2559 3266 Ι

174 3287 452 3341 trahentis
488 3287 550 3340 B.
584 3290 592 3352 Ι
628 3291 706 3342 14.
745 3285 1095 3340 abscedentis
1129 3287 1190 3340 B.
1226 3291 1232 3351 Ι
1268 3289 1348 3341 17.
1387 3286 1810 3355 trepidationem
1846 3288 1915 3354 M,
1952 3288 2161 3349 Aldus,·
2202 3285 2563 3353 expugnatio·

172 3391 302 3428 nem
344 3376 438 3429 rel.
474 3376 589 3430 cod.
624 3374 712 3442 (B)
744 3381 793 3428 et
834 3375 912 3428 ed.
932 3375 1125 3442 prior„
1169 3372 1632 3427 exsternationem
1679 3377 1816 3429 coni.
1856 3377 1966 3428 Iac.
2003 3375 2325 3429 Gronovius,
2358 3377 2366 3436 Ι
2398 3370 2565 3424 alacri

172 3477 240 3515 ac
286 3476 462 3529 prope
508 3463 786 3529 temptavi,
843 3463 911 3528 cf.
957 3462 1052 3527 VI,
1084 3464 1170 3527 24,
1202 3465 1239 3512 8
1290 3467 1338 3515 et
1392 3464 1592 3529 ephem.
1637 3463 1825 3515 Austr.
1870 3465 2046 3526 1892;
2101 3474 2166 3511 ac
2212 3474 2382 3526 prope
2427 3457 2472 3510 B
2493 3457 2562 3524 M,

172 3564 348 3617 prope
386 3550 501 3604 cod.
541 3566 639 3602 rec.
678 3555 727 3602 et
762 3549 840 3602 ed.
868 3556 980 3616 vet„
1019 3548 1283 3617 quaedam
1320 3549 1657 3601 intercidisse
1691 3566 1838 3616 susp.
1860 3548 2233 3602 Weissenborn
2264 3547 2298 3599 l.
2325 3548 2356 3599 l.
2376 3563 2436 3613 p.
2462 3549 2566 3596 198

171 3638 260 3703 (in
296 3638 377 3691 ed.
410 3637 608 3692 Teubn.
643 3637 1019 3691 Weissenborn
1063 3651 1129 3688 ac
1172 3650 1344 3703 prope
1389 3642 1658 3702 receperat
1702 3637 1788 3689 his
1832 3636 2003 3690 verbis
2048 3636 2109 3687 in
2146 3635 2326 3701 praef.
2353 3650 2413 3700 p.
2441 3632 2565 3684 XX

173 3725 421 3778 additis*
455 3722 707 3791 „videtur
742 3722 1204 3790 contemplatique
1241 3728 1368 3776 sunt
1403 3720 1729 3789 intelligi.“).
1763 3723 1770 3786 1
1806 3724 1886 3776 19.
1913 3719 2218 3773 cariclitum
2243 3718 2304 3785 B,
2330 3718 2556 3785 Lov.2.{

172 3815 259 3867 25.
286 3810 565 3880 potuisset
590 3812 704 3866 cod.
726 3812 871 3865 Voss.
888 3813 932 3877 .9,
969 3812 1048 3864 ed.
1071 3812 1248 3864 Basil.
1268 3813 1405 3863 1535
1412 3829 1433 3875 ,·
1468 3807 1784 3876 potuissent
1816 3810 1931 3863 cod.
1952 3808 2039 3876 (B)
2057 3814 2106 3861 et
2133 3807 2213 3860 ed.
2238 3806 2520 3873 antiquiss.
2552 3805 2558 3872 Ι

2612 2240 2674 2287 10
