2925 4278
572 164 787 218 LIBER
825 163 1120 218 XXXVII.
1162 163 1547 220 CAP.13.14.
1587 165 1659 232 [a.
1685 165 1750 219 U.
1777 181 1822 218 c.
1850 167 1992 234 564}
2376 152 2461 215 65

143 337 400 419 stetisset,
443 338 752 423 Ephesum
799 338 1002 404 rediit.
1092 345 1226 403 tum
1271 341 1596 404 Romanae
1640 359 1838 404 naves
1883 360 2083 404 vacuo
2142 342 2223 405 ab
2272 341 2460 406 hosti-

142 424 239 489 bus
278 425 420 488 mari
463 426 713 492 Samum
759 426 1155 490 traiecerunt.
1249 425 1470 490 eodem
1517 433 1579 489 et
1622 425 1870 491 Rhodia
1901 426 2116 492 classis
2146 434 2289 510 post
2321 427 2458 493 dies
2531 432 2560 480 '7
2618 468 2627 475 -

141 531 337 593 paucos
377 514 562 577 venit.
653 533 841 594 quam
886 518 954 576 ut
1001 518 1402 596 expectatam
1448 532 1587 577 esse
1631 519 1980 596 appareret,
2043 513 2308 596 profecti
2356 535 2460 578 ex-

141 598 335 682 templo
377 605 517 663 sunt
563 600 898 684 Ephesum,
944 606 1014 663 ut
1058 606 1167 664 aut
1212 599 1622 681 decernerent
1666 600 1878 663 navali
1924 601 2283 680 certamine,
2328 608 2458 682 aut,

88 695 112 737 5
143 684 185 747 si
223 685 573 750 detractaret
623 686 819 751 hostis
878 707 1177 770 pugnam
1241 686 1408 768 quod
1469 687 1803 769 plurimum
1857 687 2158 751 intererat
2200 687 2283 752 ad
2328 688 2458 751 ani-

46 830 49 837 .
145 790 250 834 mos
283 773 631 853 civitatium,
679 773 917 837 timoris
962 772 1418 837 confessionem
1466 774 1903 856 exprimerent.
1990 780 2205 839 contra
2235 775 2452 839 fauces
2526 778 2558 827 8

146 864 312 938 portus
350 860 649 924 instructa
694 860 758 923 in
803 860 1073 924 frontem
1119 860 1376 923 navium
1406 859 1544 923 acie
1575 867 1820 924 stetere.
1889 867 2222 961 postquam
2266 881 2453 926 nemo

142 942 391 1010 adversus
447 946 598 1027 ibat,
660 947 860 1010 classe
925 946 1131 1011 divisa
1195 966 1341 1029 pars
1394 946 1461 1009 in
1517 947 1647 1010 salo
1706 945 1788 1009 ad
1843 948 2071 1011 ostium
2114 956 2332 1048 portus
2391 949 2457 1011 in

137 1031 339 1096 ancoris
380 1033 567 1112 stetit,
614 1053 761 1116 pars
805 1033 872 1095 in
919 1039 1147 1098 terram
1193 1033 1423 1097 milites
1486 1033 1795 1116 exposuit.
1886 1034 1953 1096 in
2014 1054 2121 1098 eos
2179 1035 2306 1098 iam
2368 1035 2458 1098 in-
2530 1039 2561 1086 9

65 1122 110 1167 10
135 1123 346 1217 gentem
374 1085 676 1203 praedam
706 1119 831 1183 late
862 1119 1237 1202 depopulato
1268 1140 1422 1219 agro
1452 1126 1713 1203 agentes
1743 1119 2139 1185 Andronicus
2179 1121 2457 1204 MacedO,

135 1203 218 1283 qui
268 1205 326 1267 in
382 1205 698 1289 praesidio
758 1205 996 1288 Ephesi
1057 1212 1222 1285 erat,
1292 1206 1417 1269 iam
1486 1207 1814 1270 moenibus
1880 1206 2460 1290 adpropinquantes

46 1290 47 1295 ’
134 1291 476 1372 eruptionem
524 1292 696 1372 fecit,
744 1298 1094 1374 exutosque
1153 1313 1389 1375 magna
1447 1300 1626 1376 parte
1686 1291 1960 1375 praedae
2020 1293 2103 1357 ad
2166 1313 2338 1357 mare
2382 1314 2459 1357 ac

131 1395 294 1441 naves
332 1379 593 1462 redegit.
684 1384 936 1462 postero
982 1378 1085 1443 die
1128 1379 1372 1443 insidiis
1417 1378 1624 1442 medio
1668 1379 1866 1442 ferme
1912 1379 2054 1443 viae
2114 1380 2331 1462 positis
2375 1379 2460 1443 ad
2500 1385 2562 1432 10

48 1482 55 1497 ·
134 1462 463 1559 eliciendum
511 1470 696 1530 extra
739 1465 990 1529 moenia
1034 1465 1441 1529 Macedonem
1489 1465 1755 1529 Romani
1797 1465 1882 1528 ad
1934 1466 2154 1530 urbem
2208 1466 2462 1549 agmine

45 1554 107 1659 Ι15
135 1547 264 1634 iere;
305 1551 468 1633 inde,
534 1572 679 1615 cum
739 1572 818 1615 ea
875 1552 1016 1635 ipsa
1077 1552 1364 1651 suspicio,
1430 1571 1510 1614 ne
1557 1551 1695 1632 quis
1756 1552 1976 1634 exiret,
2040 1552 2460 1634 deterruisset,

138 1635 403 1703 redierunt
447 1638 533 1703 ad
580 1658 815 1721 naves3
865 1645 927 1702 et
972 1644 1135 1702 terra
1179 1639 1461 1720 marique
1494 1636 1882 1737 fugientibus
1914 1645 2231 1702 certamen
2277 1639 2464 1704 hosti·
2505 1649 2562 1696 11

142 1718 235 1784 bus
266 1724 527 1806 Samum,
579 1724 750 1789 unde
793 1731 1071 1805 venerat,
1120 1724 1336 1789 classis
1390 1724 1636 1807 repetit.
1726 1724 1877 1789 inde
1938 1725 2095 1789 duas
2155 1727 2464 1791 sociorum

147 1825 205 1869 ex
237 1810 414 1894 Italia,
462 1811 629 1876 duas
673 1810 955 1876 Rhodias
998 1811 1281 1876 triremes
1327 1831 1469 1875 cum
1516 1811 1835 1911 praefecto
1881 1812 2175 1894 Epicrate
2219 1813 2466 1877 Rhodio

142 1892 199 1956 ad
232 1895 440 1964 fretum
489 1897 946 1982 Cephallaniae
990 1896 1290 1961 tuendum
1334 1903 1586 1981 praetor
1630 1898 1818 1962 misit.
1910 1899 2211 1963 infestum
2272 1899 2339 1962 id
2384 1900 2570 1963 la-12

66 1983 111 2031 20
138 1983 250 2046 troe’
235 1986 345 2050 mio
401 1983 951 2084 Lacedaemonius
1010 1984 1347 2066 Hybristas
1409 2005 1552 2048 cum
1621 1984 1950 2050 iuventute
2012 1986 2466 2070 Cephallanum

135 2065 374 2152 faciebat,
423 2073 839 2153 clausumque
883 2071 1007 2134 iam
1053 2091 1227 2134 mare
1274 2072 1730 2136 commeatibus
1779 2072 2015 2136 Italicis
2062 2081 2211 2135 erat.

292 2161 460 2225 XIV.
523 2159 737 2225 Piraei
789 2159 859 2222 L.
903 2158 1172 2222 Aemilio
1218 2158 1462 2242 Regillo
1510 2159 1874 2224 succedenti
1939 2158 2021 2222 ad
2067 2159 2295 2223 navale
2354 2160 2462 2223 im·
2538 2171 2562 2215 1

136 2243 327 2336 perium
388 2248 722 2332 Epicrates
783 2245 1083 2327 occurrit;
1153 2245 1259 2326 qui
1316 2244 1536 2309 audita
1595 2246 1773 2311 clade
1840 2245 2245 2325 Rhodiorum,
2316 2265 2455 2309 cum
2530 2258 2560 2303 2

132 2324 231 2408 ipse
270 2331 421 2399 duas
467 2339 718 2397 tantum
763 2332 1248 2413 quinqueremes
1293 2331 1575 2412 haberet,
1607 2333 1968 2415 Epicratem
2001 2353 2141 2396 cum
2174 2338 2467 2414 quattuol

62 2416 104 2463 25
130 2417 357 2484 navibus
425 2421 494 2483 in
564 2418 781 2482 Asiam
849 2437 1062 2482 secum
1129 2417 1396 2481 reduxit.
1510 2426 1879 2519 prosecutae
1947 2420 2138 2483 etiam
2205 2425 2465 2502 apertae

126 2499 571 2571 Atheniensium
614 2524 812 2568 naves
858 2509 1021 2568 sunt.
1111 2504 1366 2586 Aegaeo
1412 2504 1570 2568 mari
1615 2505 1859 2569 traiecit
1912 2504 2160 2569 Chium.
2242 2505 2463 2570 eodem
2536 2518 2566 2564 3

46 2593 49 2606 '
126 2585 534 2657 Timasicrates
578 2590 862 2655 Rhodius
908 2609 1048 2653 cum
1095 2589 1340 2655 duabus
1387 2590 1889 2672 quadriremibus
1933 2593 2014 2655 ab
2048 2593 2235 2657 Samo
2282 2600 2467 2656 nocte

45 2669 54 2714 1
126 2670 467 2772 intempesta
514 2678 708 2757 venit,
757 2676 1189 2757 deductusque
1248 2676 1331 2740 ad
1391 2677 1730 2741 Aemilium
1791 2678 2090 2761 praesidii
2144 2699 2337 2743 causa
2398 2699 2466 2743 se

123 2760 345 2828 missum
390 2765 503 2846 ait,
553 2728 720 2845 quod
765 2783 905 2829 eam
950 2783 1123 2828 oram
1170 2764 1359 2828 maris
1404 2765 1700 2828 infestam
1747 2765 2049 2830 onerariis
2093 2766 2306 2849 regiae
2359 2786 2468 2829 na-

261 2959 342 3021 ‚6.
388 2955 583 3008 fauces
627 2955 787 3021 portu
831 2954 891 3006 B.
926 2958 933 3016 Ι
964 2957 1013 3009 8.
1059 2953 1115 3006 in
1163 2953 1498 3007 anchorisB
1451 2955 1513 3008 B.
1546 2956 1554 3021 Ι
1586 2958 1633 3010 9.
1682 2954 1790 3007 iam
1835 2954 2115 3022 ingentem
2150 2956 2265 3010 eod.
2294 2955 2379 3021 (Β)
2418 2962 2468 3009 et

128 3035 183 3088 ed.
203 3047 318 3107 vet.‚·
365 3042 514 3110 [iam]
555 3041 835 3107 ingentem
887 3041 1112 3107 Crevier,
1158 3042 1406 3111 Madviq,
1453 3043 1532 3095 M.
1560 3043 1808 3107 Mueller,
1854 3060 1929 3095 au
1971 3041 2099 3095 inde
2142 3042 2237 3108 (in)
2280 3041 2466 3109 ingen-

125 3125 241 3178 tem?
291 3132 358 3196 ef.
404 3131 606 3198 ephem.
642 3129 830 3182 Austr.
864 3131 1016 3181 1892.
1049 3130 1056 3192 Ι
1092 3131 1172 3182 10.
1210 3127 1427 3195 agentis
1472 3128 1533 3180 B.
1575 3130 1582 3192 Ι
1626 3131 1705 3182 11.
1760 3127 1868 3180 iam
1922 3127 2207 3181 moenibus
2252 3127 2321 3194 M,
2366 3129 2465 3181 Az-

125 3208 225 3278 dus:
266 3213 319 3266 in
364 3214 656 3269 moenibus
701 3216 945 3270 nonnull.
996 3216 1109 3269 cod.
1145 3232 1246 3269 ree.
1282 3217 1508 3282 (Voss.),
1555 3213 1841 3267 moenibus
1887 3216 1978 3268 rel.
2013 3214 2126 3269 eod.
2162 3214 2247 3280 (B)
2293 3220 2341 3267 et
2385 3214 2464 3266 ed.

124 3300 373 3367 antiquiss.
408 3304 417 3368 Ι
451 3300 879 3370 adppinquantis
915 3300 976 3354 B.
1010 3299 1018 3368 Ι
1052 3304 1132 3355 12.
1171 3304 1457 3368 exsntosq3
1492 3300 1555 3352 B.
1588 3307 1597 3364 Ι
1632 3303 1710 3356 14.
1748 3299 2052 3354 macedonii
2086 3299 2148 3351 B.
2182 3301 2302 3362 1¹15.
2341 3298 2468 3351 inde

123 3379 177 3449 Μ,
213 3387 339 3443 Lov.
378 3394 438 3457 4,
484 3391 699 3455 Aldus,
753 3387 899 3441 unde
944 3390 1036 3441 rel.
1074 3390 1190 3443 eocl.
1226 3387 1351 3456 (BP)
1397 3396 1446 3443 et
1492 3389 1571 3442 ed.
1610 3390 1895 3455 antiquiss.
1938 3388 1945 3454 Ι
1989 3389 2069 3441 16.
2118 3389 2176 3437 et
2218 3404 2317 3441 om.
2364 3385 2464 3455 Β.Ι

126 3471 187 3523 18.
219 3473 437 3528 Rhodio
463 3478 576 3531 Iac.
605 3477 955 3542 Perizonius,·
990 3474 1305 3528 rhodiorum
1342 3475 1456 3530 eod.
1487 3481 1535 3528 et
1571 3477 1649 3529 ed.
1675 3482 1770 3529 vet.
1803 3477 1811 3540 1
1847 3477 1925 3528 19.
1962 3467 2317 3540 cephalaniae
2353 3475 2468 3529 cod.

119 3557 329 3628 Plerique
372 3562 459 3630 (B,
500 3563 667 3630 Voss,
712 3563 845 3616 Lov.
877 3562 959 3629 2),
1005 3559 1375 3628 Cephaleniae
1419 3562 1499 3615 ed.
1534 3568 1657 3627 vet„
1704 3558 2089 3628 Cephalleniae
2139 3561 2416 3629 Siqouius.
2455 3558 2462 3628 Ι

46 3635 49 3684 l
126 3641 189 3695 20.
221 3644 479 3702 hibristas
524 3649 584 3701 B.
621 3650 628 3714 Ι
660 3646 963 3715 cephalanfi
1007 3648 1069 3700 B.
1102 3650 1111 3713 1
1143 3650 1226 3702 22.
1272 3646 1447 3715 phirei
1483 3648 1545 3701 B.
1579 3649 1586 3715 Ι
1617 3650 1700 3703 26.
1739 3646 1935 3700 Chium
1971 3649 2018 3701 h.
2049 3649 2081 3701 l.
2109 3648 2236 3701 add.
2262 3647 2465 3711 Duker,

46 3741 47 3782 1
126 3737 223 3785 ante
254 3734 470 3788 traiecit
500 3736 725 3790 Crevier.
758 3736 766 3802 Ι
798 3738 880 3790 27.
907 3734 1281 3787 dimasicrates
1305 3734 1366 3786 B.
1401 3736 1408 3799 Ι
1440 3740 1603 3788 nocte
1640 3735 2022 3802 intempestate
2054 3734 2117 3801 B,
2147 3734 2260 3789 cod.
2281 3734 2427 3787 Voss.
2454 3730 2460 3800 Ι

46 3817 47 3824 ’
127 3815 190 3869 29.
223 3821 461 3874 oneraris
498 3822 558 3875 B.
593 3826 602 3884 Ι

208 3905 249 3945 Τ.
269 3906 359 3949 Liv.
383 3907 457 3948 VI.
496 3908 637 3948 Editio
666 3907 810 3948 maior.
2123 3911 2153 3957 5
