2925 4278
318 142 358 203 6
846 156 1072 210 LIBER
1108 155 1378 209 xxxvl.
1418 156 1584 209 oAP.
1612 161 1659 212 5.
1688 160 1734 211 6.
1775 155 1848 223 [a.
1875 155 1942 210 U.
1969 171 2014 209 (ι.
2041 159 2181 223 563]

321 339 468 396 sunt
527 332 722 397 missi.
806 331 1207 414 Epirotarum
1266 331 1501 413 legatio
1563 335 1700 395 erat
1767 330 2028 395 minime
2087 331 2154 394 in
2215 338 2460 414 partem
2520 331 2708 395 ullam

319 418 502 484 liberi
548 424 659 482 aut
704 418 1008 501 simplicis
1053 417 1279 501 animi3
1328 416 1503 500 apud
1546 437 1764 500 regem
1816 417 2089 499 gratiam
2143 417 2368 481 initam
2413 418 2713 482 volebant

324 525 467 570 cum
530 525 622 585 eo,
685 510 755 568 ut
815 511 1133 584 caverent,
1190 525 1271 568 ne
1333 503 1487 585 quid
1547 502 1945 568 offenderent
1989 505 2325 569 Romanos.
2406 505 2714 587 petebant

321 592 511 672 enim,
573 612 654 656 ne
716 611 784 656 se
845 597 1083 656 temere
1143 591 1209 654 in
1272 610 1532 655 causam
1593 589 1952 671 deduceret,
2018 591 2343 673 expositos
2403 589 2712 656 adversus

317 679 567 742 Italiam
613 698 727 762 pro
773 678 944 742 omni
992 677 1259 742 Graecia
1306 682 1370 740 et
1413 677 1650 760 primos
1695 677 1970 760 impetus
2016 678 2440 741 Romanorum
2488 696 2713 760 excep-

257 786 277 796 ·
323 772 529 849 turos;
579 763 694 830 sed
739 765 793 828 si
839 765 976 847 ipse
1021 770 1234 846 posset
1279 763 1682 828 terrestribus
1727 763 2190 844 navalibusque
2239 763 2437 847 copiis
2482 763 2711 847 praesi—

319 851 470 916 dere
514 851 727 934 Epir0,
790 849 1017 933 cupide
1064 870 1208 914 eum
1264 870 1486 916 omnes
1531 850 1827 933 Epirotas
1884 855 1948 914 et
1991 850 2255 915 urbibus
2311 857 2373 914 et
2427 851 2742 932 portibus·

321 938 452 1003 suis
498 944 895 1020 accepturos3
946 937 1000 1000 si
1045 936 1113 1000 id
1159 958 1283 1000 non
1330 943 1565 1019 posset,
1614 936 1960 1020 deprecari,
2018 956 2100 1001 ne
2146 956 2215 1000 se
2269 935 2476 1002 nudos
2522 942 2715 1018 atque

321 1025 597 1089 inermes
643 1025 928 1088 Romano
975 1023 1141 1088 bello
1189 1022 1485 1088 obiceret.
1543 1022 1666 1087 hac
1712 1023 2031 1105 legatione
2075 1022 2142 1086 id
2188 1024 2293 1106 agi
2339 1024 2713 1106 apparebat,

318 1116 389 1174 ut
444 1109 600 1190 sive,
665 1108 834 1191 quod
879 1110 1085 1192 magis
1132 1108 1496 1189 credebant,
1553 1110 1971 1174 >abstinuisset
2013 1109 2224 1192 Epir0,
2288 1110 2537 1193 integra
2593 1109 2715 1174 sibi

319 1197 535 1262 omnia
599 1195 772 1279 apud
843 1196 1161 1260 exercitus
1228 1197 1547 1260 Romanos
1616 1203 1848 1276 essent,
1919 1196 2251 1260 conciliata
2320 1197 2475 1261 satis
2541 1195 2716 1280 apud

322 1303 541 1367 regem
585 1283 811 1366 gratia,
871 1281 1038 1364 quod
1083 1282 1406 1365 accepturi
1459 1282 1731 1347 fuissent
1776 1282 2168 1365 venientem,
2227 1282 2362 1347 sive
2410 1283 2713 1363 venisset,

320 1371 411 1435 sic
457 1390 707 1451 quoque
762 1389 909 1452 spes
955 1370 1183 1434 veniae
1238 1370 1319 1433 ab
1368 1369 1672 1433 Romanis
1718 1369 1897 1448 foret,
1960 1368 2129 1450 quod
2188 1389 2315 1432 non
2378 1375 2714 1452 expectato

252 1505 263 1521 ,γ
320 1457 664 1539 longinquo
725 1457 806 1520 ab
869 1476 938 1520 se
997 1456 1237 1522 auxilio
1298 1456 1652 1539 praesentis
1697 1455 1939 1519 viribus
2000 1456 2495 1520 succubuissent.
2566 1455 2715 1519 huic

318 1557 451 1606 tam
496 1542 840 1626 perplexae
903 1542 1205 1625 legationi
1253 1543 1402 1623 quia
1461 1563 1590 1607 non
1647 1542 1802 1606 satis
1861 1543 1927 1606 in
1989 1549 2284 1624 promptu
2341 1549 2495 1622 erat,
2558 1541 2714 1623 quid

318 1627 749 1712 responderet,
806 1629 1049 1712 legatos
1095 1648 1164 1692 se
1210 1629 1547 1692 missurum
1592 1626 1675 1692 ad
1724 1648 1831 1691 eos
1878 1627 2061 1708 dixit,
2117 1629 2222 1709 qui
2271 1627 2349 1693 de
2396 1628 2493 1708 iis,
2551 1649 2713 1709 quae

319 1714 404 1779 ad
449 1715 589 1780 illos
637 1735 834 1796 seque
881 1715 1296 1780 communiter
1340 1715 1749 1797 pertinerent,
1798 1714 2221 1793 loquerentur.

528 1803 635 1866 VI.
684 1803 762 1864 In
792 1800 1122 1866 Boeotiam
1167 1801 1305 1884 ipse
1346 1800 1666 1883 profectus
1714 1807 1831 1880 est,
1880 1821 2105 1866 causas
2150 1802 2216 1863 in
2264 1801 2540 1884 speciem
2581 1801 2713 1865 irae

319 1887 625 1953 adversus
684 1889 1004 1953 Romanos
1068 1907 1197 1968 eas,
1263 1907 1420 1969 quas
1480 1894 1631 1951 ante
1693 1887 1847 1967 dixi,
1911 1887 2273 1967 habentem,
2334 1887 2715 1970 Brachyllae

320 1994 544 2039 necem
590 1981 652 2038 et
697 1975 934 2039 bellum
978 1994 1019 2037 a
1065 1973 1360 2049 Quinctio
1409 1974 1736 2039 Coroneae
1781 1981 2035 2058 propter
2079 1976 2509 2039 Romanorum
2555 1974 2710 2037 mili-

252 2087 280 2129 2..
320 2068 453 2125 tum
502 2059 731 2125 caedes
775 2061 1040 2141 illatum,
1097 2080 1165 2123 re
1211 2081 1364 2125 vera
1409 2080 1523 2144 per
1569 2061 1769 2124 multa
1813 2061 1938 2123 iam
1988 2062 2240 2126 saecula
2297 2061 2549 2145 publice
2594 2061 2713 2144 pri-

321 2148 646 2230 vatimque
692 2148 950 2213 labante
983 2148 1241 2231 egregia
1274 2147 1596 2229 quondam
1628 2147 1964 2231 disciplina
1994 2149 2225 2231 gentis,
2275 2155 2338 2212 et
2379 2148 2713 2211 multorum

321 2255 394 2299 eo
441 2240 629 2314 statu,
693 2235 799 2316 qui
848 2234 1181 2298 diuturnus
1239 2253 1378 2299 esse
1434 2235 1573 2299 sine
1632 2235 1983 2298 mutatione
2042 2255 2251 2298 rerum
2306 2255 2432 2298 non
2479 2240 2710 2317 posset.

252 2349 263 2387 .·
325 2321 580 2385 obviam
627 2321 846 2386 effusis
900 2320 1182 2402 undique
1227 2321 1531 2385 Boeotiae
1586 2321 1981 2404 principibus
2025 2320 2282 2386 Thebas
2337 2320 2530 2384 venit.
2624 2321 2713 2384 ibi

319 2409 385 2472 in
421 2408 684 2472 concilio
713 2408 945 2492 gentis,
994 2427 1379 2488 quamquam
1426 2414 1490 2471 et
1534 2406 1618 2470 ad
1648 2408 1903 2471 Delium
1950 2407 2189 2491 impetu
2229 2408 2295 2470 in
2328 2406 2708 2490 praesidium

318 2496 674 2560 Romanum
734 2494 902 2559 facto
973 2501 1036 2558 et
1094 2493 1176 2557 ad
1241 2493 1608 2558 Chalcidem
1669 2495 2067 2558 commiserat
2120 2514 2237 2558 nec
2310 2494 2526 2576 parvis
2596 2513 2712 2557 nec

319 2582 530 2646 dubiis
584 2581 914 2665 principiis
968 2580 1222 2661 bellum,
1280 2587 1494 2644 tamen
1552 2580 1822 2644 eandem
1877 2581 2222 2644 orationem
2280 2590 2369 2641 est
2428 2599 2711 2658 exorsus,

319 2688 446 2749 qua
490 2668 558 2730 in
605 2667 912 2748 colloquio
958 2669 1160 2750 primo
1206 2666 1288 2730 ad
1321 2666 1690 2732 Chalcidem
1722 2663 1971 2748 quaque
2018 2687 2130 2751 per
2175 2668 2419 2748 legatos
2466 2667 2532 2730 in
2574 2686 2712 2730 con—

320 2754 463 2818 cilio
523 2752 921 2817 Achaeorum
993 2773 1141 2818 usus
1210 2760 1362 2833 erat,
1432 2760 1502 2816 ut
1562 2753 1909 2817 amicitiam
1970 2774 2185 2818 secum
2253 2753 2514 2833 institui,
2586 2773 2714 2816 non

317 2945 443 2998 adol.
467 2945 547 2997 ed.
569 2944 755 3002 Parin.
778 2948 919 2995 1480
937 2949 985 2996 et
1003 2960 1137 3011 seqq.
1174 2944 1181 3007 Ι
1216 2946 1262 2996 7.
1284 2942 1437 3009 eripo
1456 2942 1517 2993 B.
1545 2941 1549 3010 Ι
1576 2942 1752 2995 omnis
1770 2942 1834 3007 B,
1855 2942 2110 2997 omnibus
2130 2945 2243 3000 (3οά.
2265 2962 2365 2999 rec.
2378 2946 2647 3012 probante
2666 2945 2713 2996 Ι.

316 3031 386 3083 F.
417 3031 711 3085 Gronovio.
746 3030 753 3096 Ι
785 3028 1058 3096 portubus
1095 3030 1209 3084 (3οά.
1236 3046 1335 3083 rec.
1371 3031 1379 3092 Ι
1431 3032 1512 3084 11.
1546 3046 1723 3084 vocem
1749 3029 2024 3083 exercitus
2050 3032 2331 3085 delendam
2355 3047 2466 3085 esse
2492 3032 2717 3098 putavit

316 3118 363 3169 Ι.
387 3117 454 3170 F.
482 3117 806 3170 Gronovius
841 3116 847 3182 Ι
883 3118 963 3170 12.
1002 3115 1047 3167 si
1083 3114 1334 3168 uenisset
1357 3115 1421 3183 B,
1459 3117 1573 3170 cod.
1603 3133 1701 3170 rec.
1724 3122 1772 3170 et
1800 3118 1877 3170 eol.
1915 3124 2040 3170 ante
2075 3118 2297 3170 Aldum.
2333 3118 2339 3184 Ι
2376 3119 2454 3171 14.
2494 3119 2552 3167 et
2587 3114 2716 3168 huic

315 3202 384 3255 M.
418 3204 426 3268 Ι
463 3206 541 3257 16.
568 3202 641 3255 ad
667 3216 762 3256 eos
788 3221 889 3258 om.
916 3202 978 3254 B.
1012 3204 1019 3267 Ι
1055 3205 1134 3257 19.
1161 3201 1492 3269 Brachyllae
1522 3204 1800 3272 Siyonius,
1840 3206 1907 3271 cf.
1938 3204 2197 3271 XXXV,
2223 3208 2305 3270 47,
2330 3209 2392 3270 3,·
2427 3201 2715 3269 bracchyli

315 3289 402 3355 (B)
437 3291 518 3344 vel
554 3287 786 3341 brachili
822 3290 936 3345 (3οά.
976 3295 1023 3343 et
1060 3291 1138 3343 ed.
1179 3291 1465 3358 antiquiss.
1510 3290 1517 3356 Ι
1559 3292 1642 3345 2Ο.
1678 3289 1914 3343 corone}
1949 3290 1995 3341 B
2032 3297 2081 3344 et
2114 3291 2369 3343 nonnulli
2405 3292 2519 3345 (3οά.
2558 3307 2659 3344 rec.
2705 3291 2709 3358 1

315 3377 399 3429 22.
439 3374 666 3427 labante
703 3376 888 3442 grecia
925 3375 1206 3443 quondam
1243 3376 1304 3428 B.
1338 3378 1345 3441 1
1377 3378 1461 3430 23.
1502 3380 1650 3429 esset
1685 3376 1800 3429 sine
1825 3376 1887 3428 B.
1921 3379 1929 3440 Ι
1962 3379 2045 3430 25.
2072 3376 2120 3427 Sv
2146 3374 2309 3428 adelfi
2347 3377 2556 3444 impetu
2582 3376 2629 3428 B
2667 3384 2716 3430 et

317 3463 578 3515 nonnulli
624 3464 737 3516 cod.
786 3479 883 3516 rec.
927 3463 934 3529 Ι
976 3464 1058 3516 26.
1107 3477 1208 3515 nec
1253 3463 1440 3530 parvis
1476 3462 1550 3529 B,
1595 3477 1697 3515 nec
1742 3480 1775 3516 a
1819 3462 2005 3530 paruis
2051 3464 2165 3518 (3οά.
2211 3480 2310 3518 rec.
2357 3470 2407 3517 et
2443 3464 2521 3516 ed.
2561 3471 2659 3518 vet.
2705 3463 2712 3532 l

317 3551 400 3602 27.
429 3547 659 3601 eandem
681 3547 985 3601 orationem
1004 3549 1058 3600 M
1071 3547 1130 3614 (S
1141 3548 1189 3613 Ῥ)
1214 3556 1339 3603 teste
1363 3549 1584 3604 Gelenio
1596 3569 1613 3615 ;
1633 3548 1825 3602 eadem
1844 3548 2150 3602 moratione
2166 3548 2229 3616 B,
2251 3548 2443 3601 eadem
2463 3550 2718 3603 oratione

321 3636 433 3690 cod.
474 3652 573 3690 rec.
613 3641 663 3688 et
700 3636 777 3688 ed.
817 3641 911 3709 pet.
947 3638 955 3702 Ι
989 3639 1075 3687 est
1114 3650 1345 3688 exorsus
1380 3637 1670 3705 Kreyssi93
1709 3649 1938 3688 exorsus
1976 3640 2064 3688 est
2088 3637 2292 3699 Duker,
2331 3649 2561 3689 exorsus
2598 3639 2714 3692 cod.

315 3727 363 3774 et
399 3722 479 3774 ed.
518 3727 613 3775 vet.
649 3722 657 3787 Ι
688 3724 768 3776 28.
813 3712 884 3790 (¹1a
919 3721 982 3788 B,
1020 3737 1091 3791 qa
1118 3723 1591 3782 ed.,Parm.1480.
1625 3723 1633 3788 Ι
1665 3736 1764 3789 per
1799 3722 2016 3790 legatos
2042 3722 2113 3790 M,
2143 3724 2276 3779 Lov.
2301 3726 2364 3789 2;
2399 3722 2471 3775 ad
2495 3723 2719 3790 legatos

313 3808 408 3861 rel.
449 3807 563 3862 coel.
602 3807 690 3873 (B)
727 3814 775 3861 et
812 3809 889 3862 ed.
930 3814 1056 3862 ante
1091 3808 1315 3861 Aldum.
1350 3811 1358 3872 ι
1389 3810 1471 3862 29.
1513 3808 1772 3861 constitui
1808 3809 1871 3862 B.
1904 3812 1913 3875 Ι

2759 1131 2826 1178 10

2759 1562 2824 1610 15

2755 1995 2825 2042 20

2757 2428 2828 2474 25
