2925 4278
369 61 454 124 64
855 77 1081 129 LIBER
1119 76 1417 131 XXXVII.
1455 75 1622 129 CAP.
1652 79 1732 131 12.
1763 79 1842 131 13.
1884 77 1952 144 [a.
1982 77 2044 130 U.
2072 93 2115 130 c.
2146 78 2285 144 564J.

371 258 433 316 et
494 250 719 315 diebus
782 256 925 333 post
977 250 1199 333 paucis
1261 249 1483 314 decem
1545 250 1706 314 alias
1763 249 2085 332 praefecto
2133 251 2416 315 omnium
2479 250 2758 315 Eudamo

370 338 695 416 miserunt,
744 356 932 417 quem
976 337 1118 401 aliis
1162 336 1502 401 virtutibus
1547 336 1792 400 bellicis
1838 336 2333 418 haudquaquam
2374 338 2758 402 Pausistrato

369 443 606 507 parem,
655 423 1016 502 cautiorem,
1065 442 1187 504 quo
1231 421 1442 486 minus
1487 422 1687 485 animi
1734 429 1887 501 erat,
1937 422 2162 487 ducem
2225 422 2505 487 futurum
2558 423 2756 487 crede-

268 522 333 568 10
370 511 544 574 bant.
635 510 903 573 Romani
949 515 1013 572 ct
1057 508 1374 573 Eumenes
1420 528 1534 572 rex
1582 509 1648 571 in
1696 508 2116 590 Erythraeam
2162 510 2432 592 primum
2497 510 2756 574 classem

369 596 826 679 applicuerunt.
917 595 1007 658 ibi
1075 601 1326 658 noctem
1392 614 1588 657 unam
1656 595 1880 658 morati
1955 601 2208 678 postero
2276 595 2381 659 die
2452 597 2755 678 Corycum
2811 604 2831 649 5

268 695 328 740 11
372 679 705 768 [Pelorum]
754 681 1254 762 promunturium
1284 687 1641 744 tenuerunt.
1720 680 1870 744 inde
1902 701 2042 744 cum
2089 682 2155 745 in
2187 683 2480 764 proxima
2512 682 2757 747 Samiae

369 769 608 832 vellent
653 767 937 845 traicere,
985 787 1113 830 non
1161 772 1496 849 expectato
1562 766 1710 831 solis
1766 773 1923 847 ortu,
1987 787 2069 831 ex
2132 787 2254 848 quo
2312 774 2546 831 statum
2610 767 2757 831 caeli

369 861 594 918 notare
638 853 1093 935 gubernatores
1140 858 1415 936 possent,
1462 852 1529 915 in
1576 853 1879 916 incertam
1937 859 2384 936 tempestatem
2440 854 2755 918 miserunt.

270 953 333 998 12
372 939 583 1003 medio
644 940 708 1001 in
766 958 970 1018 cursu,
1032 939 1329 1019 aquilone
1397 939 1464 1001 in
1537 939 2030 1021 septentrionem
2106 960 2318 1019 verSO,
2391 945 2758 1023 exasperato
2838 940 2876 1007 ,¹

305 1040 330 1084 1
370 1024 665 1089 fluctibus
712 1025 869 1088 mari
915 1025 1136 1088 iactari
1182 1031 1543 1107 coeperunt.
1637 1025 1818 1088 XIII.
1867 1025 2301 1108 Polyxenidas
2347 1026 2608 1091 Samum
2665 1032 2833 1107 pe-10
2875 1090 2876 1103 2

370 1112 594 1175 tituros
639 1117 811 1174 ratus
856 1110 1090 1190 hostes,
1136 1118 1206 1173 ut
1237 1130 1305 1174 se
1335 1110 1624 1174 Rhodiae
1656 1111 1842 1174 classi
1877 1112 2350 1192 coniungerent,
2398 1113 2480 1175 ab
2513 1111 2757 1195 Epheso

370 1197 691 1281 profectus
737 1196 938 1279 primo
997 1196 1080 1260 ad
1141 1197 1564 1278 Myonnesum
1626 1197 1835 1279 stetit3
1898 1197 2047 1261 inde
2108 1196 2194 1259 ad
2253 1198 2515 1278 Macrin,
2581 1217 2760 1279 quam

370 1290 622 1364 vocant,
668 1283 942 1347 insulam
987 1282 1250 1362 traiecit,
1297 1289 1367 1345 ut
1411 1282 1955 1365 praetervehentis
2004 1284 2222 1347 classis
2269 1284 2322 1347 si
2378 1304 2539 1364 quas
2597 1285 2760 1347 aber-

371 1375 585 1434 rantes
631 1389 713 1433 ex
760 1369 1017 1452 agmine
1061 1388 1260 1432 naves
1306 1373 1538 1451 posset,
1585 1375 1697 1432 aut
1727 1375 2114 1451 postremum
2145 1390 2380 1451 agmen
2413 1377 2759 1452 opportune
2856 1412 2866 1431 .

303 1472 333 1516 2
371 1456 739 1531 adoriretur.
830 1460 1167 1538 postquam
1230 1474 1514 1536 sparsam
1575 1460 1953 1537 tempestate
2015 1456 2283 1519 classem
2342 1455 2524 1536 vidit,
2598 1462 2876 1519 occa-15¹

372 1543 614 1606 sionem
659 1541 861 1623 primo
906 1540 1324 1623 aggrediendi
1368 1547 1562 1619 ratuS,
1611 1541 1801 1623 paulo
1846 1547 1988 1622 post
2019 1541 2531 1606 increbrescente
2579 1547 2761 1606 vento
2857 1508 2877 1617 4

373 1634 437 1692 et
482 1627 753 1691 maiores
797 1627 926 1689 iam
971 1626 1268 1689 volvente
1313 1625 1560 1706 fluctuS,
1610 1626 1759 1706 quia
1803 1627 2137 1708 pervenire
2183 1647 2251 1691 se
2298 1626 2382 1691 ad
2429 1647 2542 1692 eos
2604 1625 2760 1693 vide
2875 1620 2876 1645 ¹

303 1729 333 1775 3
372 1715 483 1778 bat
526 1733 654 1777 non
701 1732 909 1795 posse,
955 1711 1040 1775 ad
1095 1711 1453 1775 Aethaliam
1511 1712 1780 1776 insulam
1842 1713 2107 1792 traiecit,
2170 1719 2240 1776 ut
2301 1712 2452 1777 inde
2515 1722 2759 1797 postero

304 1815 338 1861 4
374 1799 478 1864 die
525 1800 785 1865 Samum
832 1819 913 1862 ex
960 1799 1087 1862 alto
1132 1803 1423 1881 petentes
1470 1817 1669 1862 naves
1714 1798 2185 1880 aggrederetur.
2277 1801 2574 1880 Romani,
2624 1817 2761 1883 pars

374 1885 627 1968 exigua,
674 1884 894 1968 primis
939 1884 1216 1948 tenebris
1261 1890 1511 1967 portum
1558 1883 1876 1947 desertum
1909 1885 2161 1949 Samiae
2209 1891 2571 1966 tenuerunt,
2621 1886 2761 1950 clas·
2791 1891 2840 1938 20

372 1972 461 2037 sis
508 1976 719 2035 cetera
762 1977 949 2036 nocte
994 1976 1126 2034 tota
1172 1970 1237 2033 in
1282 1971 1410 2033 alto
1456 1970 1693 2033 iactata
1736 1970 1800 2032 in
1851 1970 2125 2034 eundem
2171 1978 2420 2054 portum
2468 1971 2758 2036 decurrit.

304 2073 335 2120 5
372 2057 461 2122 ibi
507 2077 590 2121 ex
635 2057 992 2141 agrestibus
1039 2056 1288 2138 cognito
1336 2055 1609 2119 hostium
1656 2076 1855 2120 naves
1887 2056 1968 2119 ad
1999 2056 2360 2121 Aethaliam
2392 2064 2583 2137 stare,
2633 2078 2762 2122 con·

372 2144 581 2209 silium
625 2143 932 2222 habitum,
994 2149 1201 2206 utrum
1265 2143 1583 2225 extemplo
1645 2142 2077 2224 decernerent,
2140 2165 2224 2207 an
2283 2144 2605 2209 Rhodiam
2668 2164 2762 2208 ex-

305 2248 335 2294 6
374 2236 703 2314 pectarent
748 2229 1033 2293 classem.
1127 2227 1326 2292 dilata
1369 2248 1438 2292 re
1484 2265 1569 2275 —
1614 2228 1705 2291 ita
1752 2230 1918 2292 enim
1983 2230 2220 2312 placuit
2284 2269 2365 2277 --
2432 2230 2761 2314 Corycum,

372 2315 543 2381 unde
598 2321 927 2396 venerant,
994 2314 1394 2378 traiecerunt.
1489 2314 1924 2396 Polyxenidas
1986 2335 2252 2397 quoque,
2324 2335 2466 2380 cum
2539 2318 2764 2382 frustra
2794 2323 2844 2371 2⁵

584 2509 629 2560 1.
667 2504 919 2558 Eudamo
956 2505 1035 2558 ed.
1067 2505 1432 2570 Basil.1535,·
1472 2502 1705 2555 eudemo
1742 2504 1855 2558 cod.
1885 2504 1972 2570 (B)
2007 2510 2056 2557 et
2093 2505 2171 2558 ed.
2202 2506 2377 2572 prior.
2410 2507 2419 2570 1
2450 2507 2499 2558 4.
2541 2505 2600 2558 in
2635 2505 2763 2573 Ery·
2875 2533 2876 2580 ἦ

371 2589 621 2643 thracam
658 2591 737 2644 ed.
764 2597 892 2656 vet.,·
933 2589 990 2642 in
1035 2588 1294 2657 erythrea
1331 2589 1446 2643 cod.
1475 2595 1524 2642 et
1560 2589 1639 2643 ed.
1665 2607 1835 2657 usque
1873 2591 1946 2643 ad
1983 2591 2167 2643 Parm.
2196 2594 2348 2643 1480.
2383 2595 2390 2653 Ι
2423 2593 2470 2644 6.
2510 2591 2762 2645 Pelorum
2873 2599 2877 2644 l

373 2679 567 2731 inelus.
590 2677 978 2741 Weissenborn,
1004 2674 1265 2728 Teiorum
1291 2676 1370 2728 ed.
1393 2676 1619 2729 Mediol.
1642 2679 1797 2743 1505,
1830 2677 1924 2730 sed
1948 2678 2017 2743 cf.
2042 2677 2418 2731 Weissenborn
2436 2678 2517 2731 ed.
2541 2678 2763 2733 Weidm.

364 2781 426 2832 p.
451 2765 570 2815 179.
603 2763 611 2827 Ι
645 2765 692 2817 8.
730 2762 786 2814 in
832 2761 1096 2814 incertam
1131 2761 1261 2827 BM,
1296 2766 1334 2817 2
1368 2778 1499 2828 rec.,·
1543 2761 1808 2814 incertam
1851 2763 1963 2817 eod.
1990 2779 2090 2816 rec.
2124 2764 2132 2828 1
2164 2762 2432 2815 miserunt
2467 2765 2588 2819 eod.
2616 2771 2664 2818 et
2687 2764 2762 2817 ed.

372 2855 498 2915 vet.;
542 2848 724 2900 ierunt
769 2849 906 2902 coni.
946 2849 1178 2916 Madvig
1224 2849 1347 2901 Em.
1376 2848 1443 2901 L.
1483 2865 1534 2916 p.
1564 2851 1682 2913 529,
1730 2852 2019 2900 moverunt
2067 2849 2379 2903 dubitanter
2422 2851 2506 2904 M.
2535 2852 2765 2904 Mueller

366 2952 425 3003 p.
445 2936 542 3000 VI,
585 2933 1009 2986 transmiserunt
1051 2935 1223 3000 Koch,
1270 2933 1615 2985 immiserunt
1660 2935 1739 2987 vel
1785 2948 1845 2985 se
1892 2933 2235 2986 immiserunt
2272 2936 2516 3003 Seyffert.
2552 2937 2560 3003 Ι
2594 2940 2643 2991 9.
2682 2950 2764 2988 ex·

374 3035 573 3087 aspera
615 3019 879 3073 fluctibus
925 3020 1090 3073 maris
1140 3021 1255 3075 eod.
1278 3021 1443 3095 Voss„
1483 3019 1794 3086 exasperati
1838 3018 2100 3073 fluctibus
2146 3020 2309 3072 maris
2353 3024 2493 3077 coni.
2519 3024 2762 3077 Draken-

374 3109 535 3162 borch
553 3109 615 3161 in
633 3108 763 3161 adn.
796 3109 805 3172 Ι
838 3110 919 3162 11.
939 3105 1116 3160 hostis
1135 3106 1196 3158 B.
1231 3109 1238 3172 Ι
1275 3104 1640 3174 12.myonesfi
1661 3105 1724 3159 B.
1758 3111 1765 3170 Ι
1798 3106 1965 3159 macri
1984 3106 2030 3158 B
2049 3113 2098 3160 et
2120 3107 2759 3174 nonnull.rec.(Lov.2).}

377 3196 458 3248 13.
504 3191 979 3259 praetervehentis
1026 3192 1220 3245 classis
1267 3191 1313 3243 si
1358 3207 1498 3259 quas
1546 3190 1639 3260 S‘?‚
1690 3193 1962 3259 Gelenius,
2000 3194 2083 3247 ed.
2109 3195 2288 3247 Basil.
2313 3197 2479 3261 1535,·
2524 3199 2762 3262 praeter-

374 3278 650 3331 uehemtis
687 3278 878 3331 classis
914 3294 1055 3346 quas
1078 3279 1140 3345 B,
1178 3277 1667 3345 praeteruehentes
1704 3279 2232 3345 (praeteruenientes
2260 3280 2432 3346 Voss.)
2469 3295 2612 3347 quas
2649 3279 2761 3335 eod.

373 3382 472 3419 ree.
491 3367 738 3434 plerique
763 3372 811 3418 et
836 3366 916 3419 ed.
944 3366 1247 3433 antiquiss„
1266 3363 1697 3430 praeteruehens
1723 3366 1768 3417 si
1794 3381 1935 3431 quas
1961 3365 2068 3432 M‘?‚
2095 3367 2291 3431 Aldus,
2317 3362 2760 3432 praeteruehenti

374 3450 537 3503 classi
556 3450 603 3502 si
622 3465 761 3517 quas
781 3452 920 3506 coni.
941 3452 1316 3505 Weissenborn
1334 3451 1413 3503 ed.
1431 3453 1629 3505 Teubn.
1643 3454 1824 3519 praef.
1841 3465 1898 3519 μ
1914 3452 2085 3505 XIX.
2105 3451 2111 3519 Ι
2136 3449 2443 3504 aberrantis
2464 3467 2533 3504 ex
2555 3451 2759 3504 asmine

372 3536 434 3589 B.
468 3539 476 3603 Ι
510 3539 590 3591 15.
630 3535 953 3589 adoreretur
995 3538 1133 3591 Lov.
1169 3540 1218 3603 4,
1271 3537 1493 3589 Beklcer.
1528 3537 1536 3601 Ι
1570 3539 1650 3591 18.
1698 3536 2009 3590 aethaleam
2050 3537 2111 3589 B.
2146 3540 2153 3601 Ι
2189 3541 2269 3592 19.
2315 3538 2559 3604 petentis
2609 3535 2760 3589 nauis

372 3623 435 3675 B.
469 3624 477 3689 Ι
509 3625 591 3677 21.
629 3626 846 3675 noctem
891 3626 1063 3674 totam
1111 3624 1189 3676 ed.
1218 3623 1394 3676 Basil.
1420 3625 1577 3689 1535,
1616 3624 1863 3693 Madviy,
1901 3624 2083 3677 Hertz.
2117 3624 2125 3690 Ι
2157 3621 2400 3675 decurrit
2437 3622 2507 3690 M,
2557 3623 2759 3684 Aldus5

373 3708 545 3761 currit
579 3711 670 3763 rel.
698 3710 811 3763 eod.
838 3708 924 3773 (B)
960 3715 1009 3762 et
1044 3709 1124 3762 ed.
1143 3710 1320 3776 prior.
1355 3709 1362 3771 Ι
1394 3710 1477 3761 22.
1516 3707 1588 3759 ad
1625 3710 1883 3762 aetoliam
1919 3709 1979 3760 B.
2015 3712 2022 3774 Ι
