2925 4278
704 173 928 226 LIBER
966 172 1291 228 XXXVIII.
1330 172 1497 228 cAP.
1525 177 1606 230 56.
1647 174 1720 242 [a.
1748 174 1815 229 U.
1840 189 1884 227 ο.
1912 175 2050 242 5671.
2448 156 2570 220 183

388 349 554 415 LVI.
610 348 807 412 Multa
859 348 984 412 alia
1041 347 1108 411 in
1164 347 1481 432 Scipionis
1534 348 1711 412 exitu
1770 348 2050 414 maxime
2110 348 2280 413 vitae
2340 346 2569 429 dieque
2645 358 2669 403 1

181 437 373 518 dicta,
420 441 641 515 morte,
686 434 930 515 funere,
978 435 1283 517 sepulcro,
1324 434 1390 499 in
1423 433 1744 500 diversum
1775 434 2051 515 trahunt,
2084 441 2171 516 ut,
2205 434 2304 508 cui
2337 435 2567 516 famae,

181 523 414 606 quibus
460 521 710 606 scriptis
761 520 1103 601 adsentiar,
1158 542 1287 586 non
1339 520 1631 587 habeam.
1722 543 1849 587 non
1898 521 1977 587 de
2022 527 2385 587 accusatore
2431 541 2571 586 con·
2642 530 2673 577 2

181 609 362 676 venit
389 647 476 655 —
506 608 613 672 alii
658 609 739 672 M.
782 608 1119 689 Naevium,
1166 608 1274 671 alii
1318 608 1602 673 Petillios
1647 607 1815 673 diem
1862 607 2101 673 dixisse
2147 608 2428 673 scribunt
2463 646 2568 690 —-‚

111 707 144 755 5
181 718 311 761 non
357 694 439 760 de
485 702 788 780 tempore,
845 715 966 777 quo
1013 694 1185 759 dicta
1228 694 1365 760 dies
1411 696 1511 777 sit,
1559 716 1687 760 non
1742 695 1822 760 de
1872 715 2060 776 anno,
2116 715 2237 777 quo
2291 700 2571 759 mortuus

181 783 284 863 sit,
332 803 459 848 non
505 782 615 846 ubi
659 789 940 846 mortuus
987 786 1098 845 aut
1144 781 1346 846 elatus
1392 782 1491 846 sit.
1581 782 1691 846 alii
1742 782 1999 863 Romae,
2053 781 2160 845 alii
2212 781 2454 847 Literni
2509 787 2573 847 et
2645 791 2676 837 3

183 877 496 935 mortuum
544 875 607 934 et
652 869 982 951 sepultum.
1051 869 1385 950 utrobique
1431 875 1842 935 monumenta
1886 867 2300 933 ostenduntur
2347 874 2409 932 et
2453 874 2572 932 sta-

181 964 357 1039 tuae3
407 976 555 1020 nam
603 962 666 1020 et
710 954 950 1020 Literni
1003 961 1481 1019 monumentum
1527 958 2060 1037 monumentoque
2107 961 2317 1020 statua
2361 975 2571 1038 super-

180 1042 480 1126 imposita
532 1041 672 1122 fuit,
730 1062 919 1123 quam
971 1047 1351 1124 tempestate
1397 1041 1711 1106 deiectam
1754 1062 1956 1126 nuper
1992 1040 2266 1106 vidimus
2310 1041 2459 1125 ipsi3
2509 1049 2574 1105 et
2644 1050 2678 1097 4

83 1140 149 1187 10
185 1132 427 1195 Romae
487 1135 668 1194 extra
727 1135 975 1213 portam
1036 1128 1360 1212 Capenam
1420 1129 1485 1192 in
1548 1128 1912 1212 Scipionum
1978 1135 2387 1193 monumento
2444 1134 2572 1193 tres

184 1222 432 1282 statuae
492 1221 658 1296 sunt,
706 1235 971 1297 quarum
1031 1214 1195 1279 duae
1255 1216 1323 1279 P.
1381 1222 1445 1280 et
1504 1216 1575 1279 L.
1633 1216 1999 1299 Scipionum
2059 1215 2351 1280 dicuntur
2411 1234 2572 1295 esse,

181 1303 370 1368 tertia
414 1309 641 1387 poetae
688 1301 762 1378 Q.
809 1301 1020 1366 Ennii.
1111 1322 1231 1366 nec
1276 1302 1442 1366 inter
1485 1303 1822 1387 scriptores
1868 1323 2075 1367 rerum
2122 1301 2438 1386 discrepat
2483 1322 2574 1367 so·
2646 1310 2677 1358 5

181 1388 333 1470 lum,
383 1389 498 1454 sed
541 1389 859 1455 orationes
906 1408 1173 1470 quoque,
1224 1389 1278 1454 si
1324 1387 1513 1454 modo
1556 1390 1837 1473 ipsorum
1882 1395 2030 1454 sunt
2073 1409 2236 1471 quae
2267 1388 2571 1469 feruntur,

185 1478 254 1541 P.
304 1476 619 1560 Scipionis
665 1483 728 1540 et
770 1477 866 1540 Ti.
915 1474 1187 1540 Gracchi
1238 1475 1582 1542 abhorrent
1634 1476 1800 1541 inter
1845 1496 1930 1541 se.
2021 1474 2216 1541 index
2271 1475 2574 1541 orationis
2647 1487 2677 1533 6

82 1572 147 1620 15
185 1564 256 1628 P.
306 1562 620 1646 Scipionis
673 1582 901 1628 nomen
954 1563 1038 1626 M.
1091 1563 1323 1627 Naevii
1373 1562 1611 1628 tribuni
1665 1562 1870 1647 plebis
1921 1561 2134 1643 habet,
2187 1562 2328 1646 ipsa
2379 1561 2575 1627 oratio

188 1649 327 1715 sine
371 1650 628 1713 nomine
681 1655 775 1713 est
818 1649 1230 1734 accusatoris3
1284 1649 1472 1714 modo
1517 1650 1918 1729 nebulonem,
1972 1648 2157 1714 modo
2200 1655 2576 1733 nugatorem

187 1735 487 1819 appellat.
573 1756 654 1800 ne
701 1733 970 1800 Gracchi
1015 1736 1271 1818 quidem
1317 1736 1515 1801 oratio
1560 1743 1670 1801 aut
1713 1735 2097 1800 Petilliorum
2141 1742 2577 1801 accusatorum
2651 1750 2677 1796 7

189 1821 477 1885 Africani
524 1827 633 1884 aut
678 1821 806 1887 diei
852 1821 1059 1887 dictae
1110 1823 1412 1888 Africano
1466 1823 1659 1887 ullam
1711 1823 2096 1888 mentionem
2148 1821 2361 1888 habet.
2451 1823 2578 1887 alia
2650 1837 2681 1884 8

188 1914 323 1972 tota
366 1907 636 1972 serenda
678 1908 897 1973 fabula
942 1916 1038 1974 est
1084 1909 1354 1975 Gracchi
1397 1909 1669 1976 orationi
1709 1910 2112 1993 conveniens,
2161 1915 2221 1973 et
2251 1909 2340 1973 illi
2371 1916 2577 1974 aucto-

81 2003 153 2050 20
188 2014 291 2059 res
336 1993 643 2075 sequendi
689 2003 856 2077 sunt,
905 1997 1032 2079 qui,
1082 2016 1223 2061 cum
1268 1999 1339 2061 L.
1388 1997 1600 2082 Scipio
1648 2004 1710 2062 et
1754 2003 2088 2062 accusatus
2132 2003 2197 2062 et
2243 1995 2578 2060 damnatus

188 2080 270 2147 sit
319 2080 628 2165 pecuniae
682 2089 905 2166 captae
965 2084 1048 2149 ab
1100 2104 1273 2168 rege,
1333 2084 1614 2169 legatum
1672 2084 1740 2148 in
1792 2084 2042 2149 Etruria
2093 2082 2290 2149 fuisse
2341 2082 2579 2148 Africa-

186 2188 339 2231 num
401 2168 658 2233 tradunt
720 2181 913 2251 atque
966 2177 1109 2254 post
1160 2170 1397 2235 famam
1452 2171 1532 2236 de
1587 2192 1737 2236 casu
1789 2172 2001 2235 fratris
2053 2171 2307 2235 allatam
2361 2169 2581 2234 relicta
2652 2187 2681 2232 9

188 2254 502 2337 legatione
537 2256 885 2320 cucurrisse
927 2275 1071 2319 eum
1102 2257 1367 2321 Romam
1400 2263 1481 2338 et,
1532 2278 1674 2321 cum
1719 2277 1758 2320 a
1802 2264 1985 2341 porta
2028 2263 2200 2321 recta
2243 2254 2327 2320 ad
2372 2255 2579 2321 forum

192 2359 261 2404 se
306 2342 690 2421 contulisset,
740 2339 908 2424 quod
952 2342 1018 2405 in
1065 2342 1319 2406 vincula
1364 2342 1511 2407 duci
1557 2342 1816 2408 fratrem
1863 2343 2101 2407 dictum
2148 2349 2302 2423 erat,
2356 2361 2577 2426 reppu-

85 2435 153 2481 25
192 2426 339 2491 lisse
382 2449 425 2491 a
469 2448 727 2511 corpore
774 2427 910 2493 eius
954 2428 1280 2510 viatorem,
1334 2435 1398 2494 et
1441 2429 1713 2494 tribunis
1764 2430 2182 2495 retinentibus
2226 2429 2432 2513 magis
2475 2429 2580 2513 pie

187 2533 377 2595 quam
439 2514 708 2580 civiliter
757 2514 890 2579 vim
948 2514 1197 2580 fecisse.
1288 2514 1449 2581 haec
1509 2515 1678 2581 enim
1731 2516 1872 2601 ipsa
1912 2516 2009 2580 Ti.
2059 2515 2381 2581 Gracchus
2434 2536 2579 2597 que·
2619 2532 2684 2579 10

398 2707 444 2758 1.
482 2703 635 2757 exitu
680 2703 914 2757 maxime
954 2706 1068 2761 cod.
1095 2722 1197 2760 ree.
1223 2712 1272 2760 et
1308 2707 1387 2760 ed.
1413 2713 1539 2774 vet.;
1582 2706 1692 2759 fine
1728 2711 1847 2759 tum
1883 2706 2118 2761 maxime
2154 2708 2225 2776 M,
2264 2707 2418 2760 exitu
2455 2722 2578 2760 cum
2642 2748 2648 2754 .

184 2789 424 2843 maxime
449 2792 694 2859 Modius,
719 2791 829 2845 fine
867 2807 992 2845 cum
1017 2792 1251 2846 maxime
1279 2795 1657 2849 Weissenborn
1688 2795 1769 2848 ecl.
1794 2796 1991 2849 Teubn.
2027 2796 2034 2860 Ι
2065 2797 2098 2849 4
2122 2797 2192 2864 (et
2219 2797 2317 2863 15).
2352 2795 2422 2848 M.
2441 2794 2581 2849 Nae-

183 2878 339 2931 vium
377 2877 447 2944 M,
484 2880 764 2947 Moqunt.;
798 2894 867 2932 m.
893 2879 1118 2932 nauium
1158 2881 1271 2936 eod.
1297 2899 1397 2937 ree.
1423 2883 1666 2950 plerique
1701 2888 1751 2936 et
1785 2883 1865 2936 ed.
1903 2884 2186 2952 antiquiss.
2223 2884 2313 2950 (m.
2338 2882 2582 2936 manium

186 2966 267 3017 ed.
304 2965 517 3030 Parm.)
550 2975 556 3028 Ι
598 2969 646 3020 9.
693 2964 965 3019 deiectam
1010 2968 1413 3035 Drakenborch,
1461 2972 1531 3037 ef.
1567 2969 1649 3022 M.
1684 2969 1917 3024 Mueller
1955 2972 2135 3038 praef.
2161 2987 2223 3038 Ρ.
2258 2971 2432 3036 X1V;
2476 2967 2581 3022 dis-

191 3048 392 3102 iectam
437 3053 553 3107 eod.
587 3058 636 3106 et
679 3054 758 3107 ed.
793 3060 890 3107 vet.
924 3055 931 3118 Ι
967 3056 1046 3109 16.
1092 3053 1256 3107 modo
1301 3054 1635 3109 nebulonem
1679 3054 1760 3121 M3
1804 3055 2138 3109 nebulonem
2180 3056 2343 3109 modo
2387 3058 2521 3112 Lov.
2548 3061 2584 3111 6

192 3134 304 3201 (M‘e
341 3143 467 3192 teste
500 3139 689 3207 Mod.)‚
727 3141 803 3194 ecl.
827 3147 941 3206 vet„
980 3142 1148 3195 Hertz
1182 3144 1309 3209 fort.
1336 3149 1487 3210 reete,
1525 3141 1860 3196 nebulonem
1896 3144 2011 3198 eod.
2037 3161 2134 3199 ree.
2153 3145 2417 3212 plerique,
2443 3145 2490 3197 I.
2511 3144 2580 3198 F.

195 3224 521 3280 Gronovius.
563 3226 571 3292 Ι
623 3230 702 3281 17.
757 3226 1087 3295 appellantis
1133 3227 1203 3281 M.
1246 3230 1253 3293 Ι
1303 3232 1385 3284 22.
1440 3233 1609 3297 atque
1656 3236 1950 3298 praeeunte
1993 3231 2314 3284 Weissenbor
2327 3232 2422 3284 nio
2477 3231 2578 3296 (ed.

202 3312 426 3365 Weidm.
463 3330 526 3381 Ρ.
562 3317 662 3367 381
709 3315 864 3379 adn.)
912 3316 988 3369 Η.
1025 3317 1071 3370 Ι.
1107 3317 1341 3370 Mueller
1385 3335 1513 3371 ann.
1550 3318 1730 3371 Berol.
1758 3321 1894 3370 1891
1925 3335 1982 3385 Ρ.
2007 3321 2109 3370 171
2118 3336 2138 3383 ;
2181 3332 2292 3384 quo
2338 3317 2453 3373 eod.
2480 3334 2578 3371 ree.

180 3398 430 3467 plerique
464 3406 513 3454 et
549 3402 627 3454 ed.
653 3408 765 3468 vet„
803 3405 859 3453 et
883 3402 1018 3456 Lov.
1035 3406 1088 3468 2,
1125 3417 1235 3470 qua
1261 3404 1506 3471 Harant,
1532 3402 1854 3471 adduntque
1879 3403 2110 3472 Madvig]
2136 3404 2261 3457 Em.
2289 3404 2356 3457 L.
2375 3421 2435 3472 Ρ.
2463 3407 2581 3470 553,

185 3485 548 3555 adiciuntque
595 3489 905 3543 dubitanter
949 3491 1028 3544 M.
1061 3491 1293 3544 Mueller
1320 3493 1499 3560 praef.
1529 3510 1590 3560 Ρ.
1615 3491 1783 3545 XIV.
1817 3493 1825 3554 Ι
1856 3492 1939 3544 23.
1976 3489 2211 3543 currisse
2248 3492 2381 3545 Lov.
2408 3496 2459 3557 1,
2497 3505 2582 3543 ac-

186 3572 428 3626 currisse
465 3575 603 3628 coni.
632 3575 833 3628 Duker.
867 3576 875 3639 Ι
907 3577 991 3630 24.
1029 3574 1236 3629 dictum
1274 3581 1393 3629 erat
1429 3576 1503 3644 M,
1541 3579 1748 3645 Aldus;
1794 3575 2004 3629 iussum
2045 3581 2163 3629 erat
2201 3578 2315 3633 eod.
2335 3578 2581 3648 plerique

188 3666 236 3711 et
271 3661 351 3714 ed.
378 3662 686 3730 antiquiss,
723 3660 1010 3714 inuenerat
1033 3665 1281 3717 nonnull.
1309 3665 1422 3719 eod.
1450 3681 1554 3719 rec.
1579 3664 1785 3730 (Voss.)
1816 3668 1824 3728 Ι
1855 3665 1939 3717 26.
1965 3660 2104 3716 haec
2142 3663 2284 3717 enim
2319 3664 2439 3733 ipsa
2464 3664 2582 3719 eod.

189 3762 289 3799 rec.
316 3748 474 3812 (Lov.
496 3749 574 3814 2),
618 3748 870 3803 Gelenius
906 3749 993 3815 (ex
1030 3747 1150 3817 S?)3
1194 3747 1321 3803 hinc
1367 3750 1511 3804 enim
1556 3750 1675 3817 ipse
1721 3749 1773 3802 M
1820 3757 1933 3805 test.
1960 3751 2230 3820 Moqunt„
2264 3750 2401 3805 haec
2438 3750 2580 3804 enim

186 3836 438 3888 nonnull.
464 3836 578 3892 eod.
606 3853 705 3892 ree.
744 3837 969 3904 (Voss),
1004 3834 1142 3890 haec
1179 3837 1323 3890 enim
1359 3837 1480 3905 ipse
1518 3839 1598 3893 ed.
1626 3841 1914 3908 antiquiss.
1948 3840 1956 3906 Ι
